,time,price,amount
0,1534131395,6356.73,0.96017748
1,1534131412,6355.28,1.11337725
2,1534131413,6356.11,0.11337725
3,1534131414,6353.74,0.01573057
4,1534131415,6353.74,0.02361623
5,1534131415,6353.47,0.011542
6,1534131415,6353.46,2.30155108
7,1534131418,6352.86,0.26266453
8,1534131418,6350.67,0.81595477
9,1534131418,6355.05,0.00455137
10,1534131420,6355.05,0.00521576
11,1534131423,6355.05,0.00816426
12,1534131425,6355.05,0.00759169
13,1534131426,6355.04,0.20643938
14,1534131426,6355.05,0.01400754
15,1534131433,6355.04,0.02061685
16,1534131434,6355.05,0.0201495
17,1534131434,6355.05,0.31781967
18,1534131434,6355.04,0.00481044
19,1534131441,6351.88,0.17553908
20,1534131441,6348.11,0.45695152
21,1534131442,6347.71,0.03768005
22,1534131442,6347.71,0.02245902
23,1534131443,6347.18,1.0
24,1534131443,6347.18,0.5
25,1534131443,6345.0,0.62166778
26,1534131444,6345.0,0.37833222
27,1534131448,6348.01,0.0082695
28,1534131470,6346.18,0.00997826
29,1534131478,6344.8,0.0039063
30,1534131480,6344.79,0.3042797
31,1534131481,6344.79,0.00572231
32,1534131481,6344.79,0.00840092
33,1534131482,6344.79,0.04708873
34,1534131482,6344.79,0.05528512
35,1534131482,6344.79,0.00920326
36,1534131482,6344.79,0.4467188
37,1534131482,6344.79,0.06802574
38,1534131494,6344.79,0.17426999
39,1534131497,6344.45,0.00217729
40,1534131501,6344.79,0.00566017
41,1534131505,6344.77,0.0191644
42,1534131508,6344.77,0.04795214
43,1534131508,6344.76,0.03932852
44,1534131508,6344.77,0.00858698
45,1534131512,6344.77,0.00440621
46,1534131523,6344.77,0.0023283
47,1534131523,6344.77,0.04534909
48,1534131525,6344.77,0.00998412
49,1534131534,6344.77,0.00756507
50,1534131536,6344.77,0.004597
51,1534131558,6343.01,0.11596394
52,1534131558,6343.01,0.07893349
53,1534131559,6343.01,0.00156197
54,1534131578,6343.01,0.04875226
55,1534131579,6343.01,0.10939829
56,1534131583,6343.01,0.00545814
57,1534131584,6343.01,0.00573326
58,1534131584,6343.01,0.94419865
59,1534131584,6343.01,0.05580135
60,1534131585,6343.01,1.0
61,1534131589,6343.0,0.026558
62,1534131601,6343.0,0.00996965
63,1534131602,6342.03,0.01481
64,1534131623,6343.0,1.27347235
65,1534131623,6344.04,0.00103084
66,1534131628,6344.66,1.5
67,1534131628,6344.57,1.0
68,1534131628,6344.57,0.04096672
69,1534131628,6344.56,0.09920165
70,1534131629,6345.05,1.31
71,1534131631,6345.7,0.00359553
72,1534131631,6345.7,0.0044414
73,1534131642,6345.69,0.00535736
74,1534131642,6345.69,1.30464264
75,1534131642,6345.71,0.42239326
76,1534131645,6345.71,1.07760674
77,1534131646,6345.71,0.00312849
78,1534131653,6345.7,1.0
79,1534131653,6345.7,0.31
80,1534131654,6345.7,0.00464332
81,1534131656,6345.7,1.27802401
82,1534131660,6346.39,0.62847129
83,1534131663,6345.13,0.7914047
84,1534131667,6346.39,0.02829114
85,1534131669,6346.39,0.00997248
86,1534131669,6346.39,0.01766092
87,1534131672,6346.39,0.00347087
88,1534131673,6346.39,0.00901073
89,1534131677,6346.37,0.00287191
90,1534131677,6345.15,1.0
91,1534131678,6346.37,0.00159051
92,1534131678,6345.16,0.9960937
93,1534131678,6346.36,0.02082595
94,1534131681,6346.36,0.0220629
95,1534131690,6346.36,0.01866829
96,1534131690,6346.36,0.0416195
97,1534131695,6346.36,0.00100114
98,1534131698,6345.17,0.00293985
99,1534131716,6346.36,0.00136614
100,1534131719,6346.36,0.1161987
101,1534131757,6346.36,0.01003205
102,1534131774,6346.36,0.0138838
103,1534131783,6346.36,0.056
104,1534131815,6346.36,0.02918612
105,1534131816,6346.36,0.10863638
106,1534131821,6346.36,0.32195878
107,1534131826,6346.36,0.15353898
108,1534131845,6346.36,0.05861514
109,1534131855,6344.0,0.03933339
110,1534131858,6341.33,0.99277785
111,1534131861,6341.31,1.0
112,1534131862,6341.31,1.0
113,1534131863,6341.31,0.9363
114,1534131864,6338.68,1.0
115,1534131864,6338.68,0.00722215
116,1534131865,6336.85,1.0
117,1534131866,6336.13,0.99277785
118,1534131867,6338.67,0.018816
119,1534131869,6338.67,0.0099935
120,1534131874,6338.66,0.15315612
121,1534131874,6338.65,0.09426713
122,1534131875,6338.65,0.17394346
123,1534131876,6338.65,0.0931392
124,1534131884,6338.65,0.00628789
125,1534131888,6338.63,0.00871834
126,1534131890,6338.63,0.09226852
127,1534131896,6338.61,0.01106892
128,1534131897,6338.61,0.01574415
129,1534131899,6336.63,0.02336344
130,1534131900,6338.61,0.0016095
131,1534131901,6338.61,0.61297824
132,1534131902,6338.61,0.0083707
133,1534131902,6338.61,0.01171898
134,1534131903,6338.61,0.64850951
135,1534131903,6338.61,0.00730561
136,1534131903,6338.61,0.00587003
137,1534131905,6338.61,0.04896557
138,1534131908,6338.6,0.35149049
139,1534131908,6338.6,0.95850951
140,1534131909,6338.61,0.00982971
141,1534131911,6338.6,0.03944051
142,1534131913,6338.61,0.0100148
143,1534131915,6338.6,1.31
144,1534131925,6338.61,0.16785456
145,1534131925,6338.6,1.31
146,1534131931,6338.6,0.35827078
147,1534131937,6338.6,0.07869246
148,1534131947,6338.6,0.87303676
149,1534131947,6338.66,0.10407988
150,1534131949,6338.66,0.01332201
151,1534131987,6336.7,1.0
152,1534132037,6338.65,1.31
153,1534132057,6338.64,1.31
154,1534132073,6338.63,0.12183754
155,1534132073,6338.63,1.18816246
156,1534132085,6338.62,0.1958319
157,1534132085,6338.62,1.1141681
158,1534132103,6338.61,1.31
159,1534132115,6339.79,1.31
160,1534132115,6339.8,0.5901296
161,1534132121,6340.4,1.31
162,1534132121,6340.41,0.14525215
163,1534132127,6340.4,1.31
164,1534132167,6340.39,0.26745697
165,1534132204,6340.39,1.31
166,1534132214,6340.51,1.31
167,1534132214,6340.51,0.68997868
168,1534132225,6340.5,1.31
169,1534132226,6340.5,0.68997868
170,1534132228,6340.49,1.0
171,1534132231,6340.49,0.31
172,1534132231,6340.49,0.21131328
173,1534132237,6340.49,0.1816003
174,1534132237,6340.51,1.31
175,1534132237,6340.94,0.0072626
176,1534132237,6341.3,0.12839971
177,1534132237,6345.03,1.0
178,1534132238,6347.92,0.86431637
179,1534132244,6345.02,1.0
180,1534132245,6345.02,0.31
181,1534132254,6345.01,0.67009581
182,1534132259,6345.01,0.01291149
183,1534132269,6343.23,0.00931374
184,1534132303,6344.99,1.31
185,1534132332,6347.29,1.31
186,1534132390,6347.54,0.03011073
187,1534132414,6348.22,1.0
188,1534132414,6348.22,0.31
189,1534132431,6346.47,0.00198251
190,1534132446,6348.21,0.69
191,1534132448,6348.21,0.01642601
192,1534132451,6346.47,0.03675099
193,1534132504,6346.47,0.01796
194,1534132505,6348.21,0.01289938
195,1534132522,6348.21,0.59067461
196,1534132522,6348.21,0.03937696
197,1534132522,6348.21,5.0
198,1534132524,6348.27,0.83694843
199,1534132570,6348.22,0.03934334
200,1534132648,6346.33,0.00132866
201,1534132676,6346.33,0.23867164
202,1534132682,6346.33,0.41709544
203,1534132684,6343.44,0.06945407
204,1534132684,6343.44,0.01345049
205,1534132700,6346.24,0.06302865
206,1534132701,6343.45,0.796776
207,1534132709,6346.19,0.06302945
208,1534132719,6346.17,0.06302994
209,1534132725,6346.17,0.06302994
210,1534132727,6346.16,0.03938751
211,1534132728,6346.17,0.02503089
212,1534132731,6346.15,0.34478704
213,1534132731,6346.15,0.03384399
214,1534132734,6346.15,0.04235375
215,1534132735,6346.15,0.04580965
216,1534132736,6346.15,0.0797208
217,1534132741,6346.15,0.17064775
218,1534132743,6346.15,0.00179068
219,1534132744,6346.15,0.0585856
220,1534132746,6342.91,0.310132
221,1534132750,6346.15,0.0620558
222,1534132755,6346.15,0.10874057
223,1534132763,6342.93,0.012879
224,1534132772,6346.15,0.03131862
225,1534132774,6346.15,0.15821662
226,1534132775,6346.15,0.17212913
227,1534132775,6346.15,0.03121387
228,1534132780,6346.14,0.01524512
229,1534132784,6346.14,0.15603531
230,1534132789,6346.14,0.08905293
231,1534132790,6346.14,0.17757284
232,1534132791,6346.14,0.01194717
233,1534132794,6346.14,0.00818817
234,1534132797,6346.14,0.03795777
235,1534132801,6346.14,0.07
236,1534132806,6346.14,0.0818802
237,1534132806,6346.14,0.09398464
238,1534132806,6346.14,0.01589775
239,1534132808,6346.14,0.5522381
240,1534132813,6346.13,0.5
241,1534132813,6346.13,0.81
242,1534132815,6346.14,0.01224989
243,1534132817,6346.14,0.00997588
244,1534132817,6346.14,0.08583778
245,1534132818,6346.14,0.06298415
246,1534132818,6346.14,0.04466772
247,1534132818,6346.14,0.06906267
248,1534132820,6346.14,0.02025474
249,1534132820,6346.14,0.97974526
250,1534132820,6346.13,0.49
251,1534132821,6346.13,0.82
252,1534132821,6346.14,0.18519536
253,1534132821,6346.14,1.0
254,1534132827,6346.13,1.31
255,1534132827,6346.14,0.18265267
256,1534132829,6346.14,0.01416695
257,1534132830,6346.14,0.01002401
258,1534132831,6346.14,0.03900078
259,1534132832,6346.14,0.01073335
260,1534132834,6346.13,1.03804313
261,1534132834,6346.13,0.27195687
262,1534132834,6346.14,0.04215532
263,1534132835,6346.14,0.00998331
264,1534132836,6346.14,0.02666487
265,1534132836,6346.14,0.18519536
266,1534132837,6346.14,0.00254269
267,1534132837,6346.14,0.02743017
268,1534132839,6346.14,0.01006701
269,1534132841,6346.13,0.22804313
270,1534132841,6346.13,1.0
271,1534132841,6346.13,0.08195687
272,1534132842,6346.14,0.0280282
273,1534132847,6346.14,0.00995476
274,1534132850,6346.13,1.21804313
275,1534132850,6346.13,0.09195687
276,1534132850,6346.14,0.01001522
277,1534132852,6346.14,0.02198198
278,1534132852,6346.14,0.0223
279,1534132853,6346.14,0.11864688
280,1534132854,6346.14,0.18483637
281,1534132854,6346.14,0.06306732
282,1534132854,6346.14,0.064482
283,1534132854,6346.14,0.00366781
284,1534132856,6346.14,0.0049627
285,1534132858,6346.14,0.0101154
286,1534132858,6346.14,0.00233886
287,1534132858,6346.13,0.40804313
288,1534132858,6346.13,0.90195687
289,1534132863,6346.14,0.18470109
290,1534132865,6346.95,0.05503692
291,1534132869,6346.95,0.42218357
292,1534132869,6346.95,0.83277951
293,1534132870,6347.72,0.01300877
294,1534132872,6347.72,0.158234
295,1534132873,6347.71,1.0
296,1534132873,6347.71,0.31
297,1534132873,6347.72,0.69
298,1534132873,6347.72,0.98821518
299,1534132874,6349.12,1.0109519
300,1534132875,6348.29,1.0
301,1534132875,6348.29,0.85810978
302,1534132876,6348.29,0.00408483
303,1534132877,6351.11,0.00461861
304,1534132884,6350.57,0.14345308
305,1534132885,6352.59,0.04978591
306,1534132886,6352.59,0.01396374
307,1534132890,6352.59,0.08320824
308,1534132902,6350.62,0.00316516
309,1534132907,6350.62,0.06014525
310,1534132912,6352.01,0.0254261
311,1534132912,6352.01,0.00999747
312,1534132917,6350.68,1.0
313,1534132922,6350.68,0.3
314,1534132922,6350.64,0.5
315,1534132922,6350.63,0.02654217
316,1534132937,6349.99,1.3
317,1534132937,6349.95,0.40870482
318,1534132938,6349.99,0.31691091
319,1534132938,6350.04,0.09129518
320,1534132939,6350.04,1.0
321,1534132939,6350.04,0.20870482
322,1534132939,6350.0,0.18308909
323,1534132940,6349.59,1.3
324,1534132940,6349.59,0.09179391
325,1534132941,6349.58,1.0
326,1534132942,6349.58,0.31
327,1534132982,6349.57,0.78129519
328,1534132987,6349.57,0.52870481
329,1534132988,6349.57,0.03935768
330,1534132988,6350.52,0.00717266
331,1534132998,6352.72,0.2997183
332,1534133000,6352.72,0.0014862
333,1534133001,6352.72,0.0916871
334,1534133001,6352.72,0.01043691
335,1534133003,6352.72,0.03944302
336,1534133008,6351.09,0.60820609
337,1534133018,6352.6,0.00156145
338,1534133035,6352.6,1.10959798
339,1534133035,6352.6,0.19884057
340,1534133038,6352.59,1.31
341,1534133044,6352.51,0.17005636
342,1534133045,6352.5,0.00922923
343,1534133058,6352.5,0.00922936
344,1534133070,6352.5,0.01917098
345,1534133075,6351.41,0.75020907
346,1534133099,6352.5,0.02440218
347,1534133100,6352.5,0.03567581
348,1534133103,6352.47,0.01120962
349,1534133103,6352.47,0.02043167
350,1534133104,6352.47,1.0
351,1534133104,6352.47,0.27835871
352,1534133108,6355.41,0.11023
353,1534133109,6352.46,0.80115943
354,1534133109,6352.46,0.50884057
355,1534133111,6355.4,0.82994364
356,1534133112,6355.4,0.47005636
357,1534133112,6355.36,0.5
358,1534133112,6355.4,0.27307103
359,1534133114,6355.36,1.99997896
360,1534133119,6353.96,1.0
361,1534133120,6353.96,0.3
362,1534133120,6353.92,0.5
363,1534133121,6353.91,0.2
364,1534133121,6352.62,0.5
365,1534133130,6353.88,0.71280072
366,1534133133,6353.88,0.03928459
367,1534133142,6353.88,0.13711071
368,1534133142,6353.88,0.06355138
369,1534133142,6353.88,0.01728813
370,1534133153,6353.88,0.00998513
371,1534133160,6353.86,1.31
372,1534133160,6353.87,0.039337
373,1534133163,6353.87,1.3
374,1534133163,6360.23,0.5
375,1534133164,6360.22,0.24575206
376,1534133164,6360.22,0.74575206
377,1534133164,6360.22,0.30849588
378,1534133165,6360.21,1.0
379,1534133172,6360.08,1.31
380,1534133173,6360.09,0.69003934
381,1534133174,6358.95,0.00233209
382,1534133203,6360.08,1.31
383,1534133204,6360.08,1.0
384,1534133205,6363.69,1.31
385,1534133207,6365.34,2.37331754
386,1534133207,6365.34,1.0
387,1534133207,6365.34,2.0
388,1534133207,6365.16,0.518758
389,1534133208,6365.34,1.0
390,1534133208,6365.34,0.0022324
391,1534133208,6365.34,3.12668246
392,1534133209,6365.34,0.79999999
393,1534133210,6365.34,0.79999999
394,1534133210,6365.34,1.0
395,1534133211,6365.34,0.39776762
396,1534133212,6365.34,1.13210612
397,1534133212,6367.71,0.00125029
398,1534133213,6368.99,1.3
399,1534133214,6373.55,1.31
400,1534133214,6373.69,0.12375
401,1534133214,6373.76,1.5
402,1534133214,6373.96,1.983
403,1534133214,6374.0,0.025
404,1534133215,6376.38,7.57
405,1534133216,6373.8,2.5
406,1534133216,6373.74,0.5
407,1534133217,6378.04,1.0
408,1534133217,6376.74,0.1
409,1534133217,6376.74,0.00539
410,1534133219,6378.48,0.0012503
411,1534133219,6380.6,1.0
412,1534133219,6380.6,0.0087497
413,1534133220,6377.76,1.0
414,1534133220,6377.77,0.5
415,1534133220,6377.76,1.0
416,1534133220,6377.77,1.0
417,1534133221,6377.77,0.3
418,1534133221,6377.76,0.7
419,1534133221,6378.48,0.01
420,1534133221,6376.75,0.99
421,1534133221,6376.75,1.0
422,1534133221,6376.75,1.0
423,1534133222,6376.75,0.79999999
424,1534133222,6380.6,0.31125029
425,1534133222,6381.25,1.68879776
426,1534133222,6377.81,1.3
427,1534133222,6377.77,0.2
428,1534133223,6377.86,1.3
429,1534133224,6377.77,0.3
430,1534133224,6377.77,0.42614642
431,1534133224,6376.75,1.0
432,1534133224,6376.48,0.19625358
433,1534133224,6377.86,0.30374642
434,1534133224,6375.0,1.0
435,1534133225,6373.66,1.3
436,1534133225,6375.62,0.96811821
437,1534133226,6370.56,0.001
438,1534133228,6372.08,1.3
439,1534133228,6372.08,0.2
440,1534133228,6372.08,0.3
441,1534133229,6368.49,1.0
442,1534133229,6368.5,0.3
443,1534133230,6368.5,0.5
444,1534133230,6368.5,0.2
445,1534133230,6370.56,1.1
446,1534133235,6368.78,1.3
447,1534133235,6368.74,0.5
448,1534133235,6368.73,0.15
449,1534133236,6368.79,1.3
450,1534133236,6368.79,0.2
451,1534133237,6368.79,0.27024039
452,1534133253,6368.79,0.02975961
453,1534133253,6368.79,0.04499081
454,1534133253,6368.79,0.01571419
455,1534133253,6368.79,1.239295
456,1534133253,6368.79,0.01571419
457,1534133254,6368.79,0.48428581
458,1534133254,6368.79,1.3
459,1534133255,6368.84,1.3
460,1534133257,6368.8,0.5
461,1534133257,6368.8,1.3
462,1534133259,6365.92,0.03919043
463,1534133261,6364.04,1.3
464,1534133261,6364.0,0.5
465,1534133261,6366.52,1.31
466,1534133261,6366.53,0.19
467,1534133263,6364.09,1.3
468,1534133263,6364.05,0.5
469,1534133264,6358.71,1.3
470,1534133264,6358.71,0.31250256
471,1534133265,6364.1,0.18749744
472,1534133265,6364.1,1.3
473,1534133265,6363.88,0.01250256
474,1534133266,6364.1,0.48749744
475,1534133266,6364.1,0.51250256
476,1534133278,6364.1,0.04670742
477,1534133288,6364.1,0.45329258
478,1534133288,6364.1,1.3
479,1534133292,6361.35,1.5
480,1534133292,6361.49,1.31
481,1534133293,6357.59,1.3
482,1534133293,6357.55,0.5
483,1534133294,6354.68,1.3
484,1534133295,6357.6,0.5
485,1534133296,6354.67,0.81
486,1534133302,6360.99,1.0
487,1534133303,6360.99,0.31
488,1534133316,6358.98,0.01051726
489,1534133324,6358.98,1.0
490,1534133324,6358.98,0.28948274
491,1534133324,6358.94,0.5
492,1534133325,6356.25,0.0320108
493,1534133325,6356.25,0.5
494,1534133325,6356.25,0.4679892
495,1534133325,6359.03,0.8320108
496,1534133327,6360.05,1.0
497,1534133327,6360.05,0.3
498,1534133327,6360.01,0.5
499,1534133328,6360.0,0.5
500,1534133328,6360.01,1.3
501,1534133329,6360.0,9.5
502,1534133330,6360.69,0.012886
503,1534133333,6360.68,0.019
504,1534133373,6360.01,0.00182014
505,1534133381,6360.01,0.05750023
506,1534133381,6360.01,0.0775024
507,1534133381,6360.01,0.00091978
508,1534133382,6360.01,0.36225745
509,1534133382,6360.01,0.94774255
510,1534133384,6360.01,0.01419516
511,1534133385,6360.01,0.33806229
512,1534133386,6360.01,0.5
513,1534133386,6360.01,1.3
514,1534133386,6360.01,0.01
515,1534133387,6360.01,0.00534789
516,1534133387,6360.01,0.48465211
517,1534133387,6360.01,0.51534789
518,1534133388,6360.01,0.78465211
519,1534133388,6360.01,0.5
520,1534133388,6360.01,0.2847
521,1534133389,6360.01,0.01319242
522,1534133389,6360.01,1.0
523,1534133389,6353.91,0.13
524,1534133390,6360.01,0.37
525,1534133391,6359.87,0.5
526,1534133393,6352.6,1.3
527,1534133393,6352.56,0.5
528,1534133393,6349.42,0.448
529,1534133394,6352.65,1.3
530,1534133394,6346.84,0.01
531,1534133395,6346.85,0.0457255
532,1534133395,6346.85,1.7139
533,1534133397,6348.53,1.3
534,1534133398,6346.03,0.5
535,1534133417,6352.88,0.02634045
536,1534133418,6352.88,0.5
537,1534133422,6352.87,0.01459674
538,1534133430,6350.82,0.0393288
539,1534133430,6350.22,0.00682288
540,1534133439,6352.85,1.0
541,1534133439,6352.85,0.31
542,1534133443,6352.84,0.01365955
543,1534133451,6352.19,0.00907455
544,1534133455,6352.19,0.68
545,1534133456,6352.19,0.01095457
546,1534133464,6352.19,0.00590591
547,1534133465,6351.01,0.00124217
548,1534133470,6351.0,0.00129286
549,1534133481,6351.0,0.0108704
550,1534133484,6351.0,0.00908009
551,1534133487,6351.0,0.039525
552,1534133488,6351.0,0.0087975
553,1534133492,6350.98,0.00629829
554,1534133502,6350.98,0.01805928
555,1534133502,6350.98,0.01992266
556,1534133504,6350.98,0.02468235
557,1534133517,6350.98,0.00140188
558,1534133527,6350.98,0.01774577
559,1534133529,6350.98,0.792338
560,1534133529,6350.98,0.010752
561,1534133544,6350.92,0.00109365
562,1534133603,6346.29,0.12375
563,1534133604,6345.0,0.45
564,1534133643,6346.34,0.03701398
565,1534133667,6345.93,0.022
566,1534133686,6345.93,1.0
567,1534133687,6345.93,0.288
568,1534133693,6345.92,1.0
569,1534133694,6345.92,0.31
570,1534133701,6345.91,0.0121858
571,1534133701,6345.91,0.01987601
572,1534133701,6345.91,0.07419626
573,1534133702,6345.91,0.402
574,1534133703,6344.4,0.19402935
575,1534133705,6345.91,0.02326513
576,1534133708,6345.91,0.00082987
577,1534133708,6345.91,0.01021634
578,1534133709,6345.91,0.0361108
579,1534133726,6345.91,0.73131979
580,1534133726,6345.91,0.26868021
581,1534133726,6345.91,1.0
582,1534133727,6345.91,1.0
583,1534133728,6345.91,1.0
584,1534133736,6345.9,0.80597065
585,1534133748,6343.49,0.04672875
586,1534133749,6343.49,0.00897392
587,1534133749,6343.49,0.00990605
588,1534133752,6343.49,0.02397548
589,1534133754,6343.49,0.04659152
590,1534133756,6343.49,1.0
591,1534133759,6343.49,0.17382428
592,1534133763,6343.48,0.82617572
593,1534133771,6343.48,0.01385821
594,1534133772,6343.48,0.03153222
595,1534133773,6343.48,0.002403
596,1534133775,6342.04,0.02163582
597,1534133777,6343.48,0.01284591
598,1534133780,6343.48,0.0108647
599,1534133782,6343.48,0.00917719
600,1534133788,6343.48,0.02507793
601,1534133791,6343.48,0.03998895
602,1534133791,6343.48,0.0192296
603,1534133793,6343.48,0.04269188
604,1534133793,6343.48,0.00723878
605,1534133794,6343.48,0.03677424
606,1534133796,6343.48,0.05
607,1534133797,6343.48,0.0064483
608,1534133797,6343.48,0.00990359
609,1534133800,6343.47,0.03935235
610,1534133801,6343.47,0.00834765
611,1534133804,6343.46,0.00504885
612,1534133808,6343.46,0.00503865
613,1534133814,6343.46,0.1561784
614,1534133817,6343.46,0.00251589
615,1534133819,6342.09,0.03936094
616,1534133820,6342.09,0.66021206
617,1534133825,6343.46,0.14758707
618,1534133826,6343.46,0.00868469
619,1534133828,6342.08,0.004035
620,1534133836,6343.44,0.00109627
621,1534133844,6343.44,0.00354069
622,1534133859,6343.42,1.22756725
623,1534133865,6343.42,0.03738272
624,1534133874,6342.08,0.97432918
625,1534133875,6342.08,1.32277082
626,1534133876,6343.42,0.04505003
627,1534133876,6343.42,0.95494997
628,1534133876,6343.42,0.3181693
629,1534133878,6343.42,1.0
630,1534133882,6343.41,1.0
631,1534133882,6343.41,0.31
632,1534133883,6343.41,0.69
633,1534133885,6343.41,1.0
634,1534133892,6343.4,0.00999342
635,1534133893,6343.4,0.06811662
636,1534133896,6343.4,1.23188996
637,1534133897,6343.4,4.66504667
638,1534133897,6343.4,0.98412688
639,1534133898,6343.41,0.03941073
640,1534133898,6344.35,1.32528318
641,1534133898,6345.93,0.109
642,1534133898,6347.16,2.52603841
643,1534133905,6344.25,1.81767691
644,1534133958,6347.05,0.09063011
645,1534133958,6347.52,0.082
646,1534133967,6347.24,0.05850116
647,1534133984,6347.99,0.015
648,1534133988,6348.01,0.02438075
649,1534133999,6348.11,0.00316871
650,1534134000,6348.11,1.0
651,1534134001,6348.39,0.99753008
652,1534134003,6348.11,0.04469
653,1534134007,6346.65,0.00777856
654,1534134029,6345.16,0.02
655,1534134211,6346.55,0.00377417
656,1534134246,6347.66,0.03558983
657,1534134246,6347.67,0.17764152
658,1534134247,6348.93,0.083
659,1534134247,6350.52,0.087
660,1534134248,6352.01,0.00478781
661,1534134275,6350.98,0.01023236
662,1534134285,6352.11,0.063
663,1534134292,6353.7,0.092
664,1534134314,6353.7,0.00578895
665,1534134315,6353.7,0.04123875
666,1534134324,6352.34,0.03933508
667,1534134341,6352.0,0.03935768
668,1534134348,6352.01,0.075414
669,1534134352,6355.29,0.09
670,1534134371,6352.02,0.03935745
671,1534134371,6352.01,0.06546983
672,1534134376,6352.01,0.0742177
673,1534134376,6350.74,0.06340513
674,1534134379,6350.14,0.02016511
675,1534134388,6350.81,0.0488227
676,1534134396,6351.46,0.0022518
677,1534134398,6354.39,0.03933787
678,1534134403,6351.46,0.00132643
679,1534134403,6350.81,0.00423016
680,1534134418,6350.82,0.03936018
681,1534134418,6350.81,0.1352853
682,1534134418,6350.81,0.06140043
683,1534134419,6350.81,0.00999056
684,1534134423,6353.79,0.008772
685,1534134455,6350.81,0.26118996
686,1534134467,6350.81,0.00268447
687,1534134469,6351.59,0.008772
688,1534134469,6350.84,0.61001445
689,1534134490,6350.81,0.186538
690,1534134496,6350.81,0.10431658
691,1534134497,6353.78,0.0074371
692,1534134532,6350.14,0.2
693,1534134534,6349.28,0.2
694,1534134669,6352.03,0.03190095
695,1534134676,6348.67,0.03936096
696,1534134676,6348.66,0.16063904
697,1534134677,6348.52,0.2
698,1534134730,6351.31,0.01258
699,1534134737,6348.52,0.4
700,1534134804,6351.31,0.02677812
701,1534134804,6351.31,0.25205302
702,1534134830,6351.31,0.09581941
703,1534134842,6348.52,0.03937444
704,1534134842,6348.51,0.10362556
705,1534134882,6347.86,0.8
706,1534134897,6347.85,0.2
707,1534134914,6351.09,0.03936332
708,1534134914,6351.09,2.1014566
709,1534135023,6350.7,0.03579
710,1534135051,6348.06,0.01514775
711,1534135051,6348.06,0.0017
712,1534135055,6348.06,0.01696977
713,1534135058,6348.06,0.01696977
714,1534135061,6348.06,0.01696977
715,1534135063,6348.06,0.01696977
716,1534135093,6348.82,0.03937729
717,1534135094,6347.85,0.01191068
718,1534135173,6345.68,0.0393818
719,1534135177,6345.68,0.01115177
720,1534135187,6345.68,0.01237902
721,1534135200,6345.0,0.03938687
722,1534135233,6344.26,0.12041351
723,1534135253,6344.25,0.47064023
724,1534135260,6345.52,1.0
725,1534135260,6345.52,0.07526486
726,1534135262,6345.52,0.0316
727,1534135272,6344.25,0.40806113
728,1534135316,6345.51,0.0099714
729,1534135331,6345.51,0.02942654
730,1534135332,6345.51,4.01895199
731,1534135344,6345.51,0.00997308
732,1534135354,6345.51,0.00998767
733,1534135355,6345.51,0.124899
734,1534135357,6345.51,0.0099316
735,1534135399,6345.51,0.0451
736,1534135419,6344.26,0.03937729
737,1534135440,6344.26,2.831e-05
738,1534135440,6344.25,0.12129864
739,1534135442,6343.02,0.179116
740,1534135444,6337.36,0.2
741,1534135449,6337.38,0.00946761
742,1534135449,6337.38,0.01
743,1534135456,6336.94,1.0
744,1534135456,6336.94,1.0
745,1534135458,6336.94,0.41677473
746,1534135458,6337.86,0.58322527
747,1534135464,6336.93,0.00093357
748,1534135471,6333.04,0.12375
749,1534135489,6333.0,0.01982058
750,1534135491,6330.64,0.06709267
751,1534135510,6332.99,0.01492421
752,1534135594,6331.14,0.00783632
753,1534135601,6331.13,0.03851771
754,1534135634,6334.6,0.00185409
755,1534135646,6331.94,0.00548625
756,1534135697,6334.4,0.00666004
757,1534135700,6335.43,0.02343834
758,1534135703,6335.43,0.00756166
759,1534135707,6337.01,0.029
760,1534135785,6337.03,0.01314657
761,1534135786,6337.03,0.02080679
762,1534135786,6337.03,0.00888059
763,1534135790,6337.03,0.04108554
764,1534135790,6337.03,0.00485272
765,1534135791,6337.03,0.10180998
766,1534135791,6337.03,0.14472472
767,1534135792,6337.03,0.38145734
768,1534135793,6337.03,0.0491452
769,1534135794,6337.03,0.01700326
770,1534135796,6337.03,0.13149981
771,1534135796,6337.03,0.03610812
772,1534135822,6337.53,0.03944462
773,1534135828,6338.58,0.69468427
774,1534135834,6338.24,0.52185622
775,1534135840,6338.59,0.024
776,1534135882,6337.94,0.02018479
777,1534135889,6337.13,0.03675699
778,1534135890,6337.13,0.02798467
779,1534135959,6337.94,0.001
780,1534135976,6337.94,0.97556166
781,1534135976,6337.94,0.03163834
782,1534135994,6337.13,0.03942792
783,1534136010,6336.05,0.00271161
784,1534136020,6334.32,0.25048972
785,1534136020,6334.32,0.00446978
786,1534136021,6336.0,3.49305085
787,1534136028,6336.01,0.001
788,1534136095,6338.13,0.03945682
789,1534136095,6338.14,0.02027818
790,1534136112,6336.02,0.03946942
791,1534136114,6336.01,2.04684338
792,1534136114,6336.0,0.2136872
793,1534136195,6339.12,0.0214541
794,1534136197,6339.12,0.00228073
795,1534136199,6339.73,0.021
796,1534136199,6340.24,0.01699003
797,1534136200,6340.24,0.02245615
798,1534136200,6340.24,0.01519799
799,1534136201,6340.25,0.01519799
800,1534136201,6340.24,0.19916977
801,1534136202,6340.24,0.00354472
802,1534136202,6340.24,0.19916977
803,1534136202,6340.24,0.19916977
804,1534136203,6340.25,0.24680201
805,1534136203,6340.28,0.25522179
806,1534136203,6340.24,0.19916977
807,1534136203,6340.24,0.19916977
808,1534136203,6340.25,0.19916977
809,1534136203,6340.25,0.19916977
810,1534136204,6340.25,0.19916977
811,1534136204,6340.25,0.19916977
812,1534136204,6340.25,0.19916977
813,1534136204,6340.25,0.071525
814,1534136205,6340.28,0.31599897
815,1534136206,6340.28,0.009334
816,1534136232,6340.61,1.98334908
817,1534136233,6341.31,0.01665092
818,1534136256,6339.32,0.02085578
819,1534136260,6341.31,0.00314506
820,1534136261,6341.31,0.00120402
821,1534136261,6341.83,0.228
822,1534136262,6342.89,0.023
823,1534136263,6343.06,0.0150783
824,1534136263,6343.06,0.15238981
825,1534136264,6343.41,0.226
826,1534136266,6344.47,0.02
827,1534136266,6344.85,1.0
828,1534136266,6344.99,0.27338683
829,1534136278,6341.84,0.01866309
830,1534136278,6341.83,0.15069363
831,1534136278,6341.83,0.0647439
832,1534136279,6341.83,0.01376649
833,1534136279,6341.83,0.00091211
834,1534136281,6341.83,0.00991453
835,1534136282,6341.83,0.0019155
836,1534136283,6341.83,0.06235891
837,1534136283,6341.83,0.00997159
838,1534136283,6344.8,0.55939345
839,1534136284,6344.8,0.00600386
840,1534136286,6344.8,0.43460269
841,1534136286,6344.8,0.03940241
842,1534136288,6344.99,0.01061317
843,1534136288,6345.28,0.94998442
844,1534136290,6343.99,0.1553073
845,1534136292,6342.74,0.029573
846,1534136295,6342.74,0.00245446
847,1534136302,6342.74,0.00731374
848,1534136302,6342.73,0.37683883
849,1534136305,6342.63,0.231802
850,1534136310,6342.63,2.33685348
851,1534136310,6341.87,0.34165567
852,1534136311,6341.83,0.14413138
853,1534136313,6341.83,0.06571151
854,1534136373,6343.34,0.03939626
855,1534136406,6342.2,0.03940268
856,1534136406,6342.19,0.06235127
857,1534136448,6341.94,0.0002072
858,1534136519,6340.61,0.70112067
859,1534136565,6343.31,0.03941148
860,1534136565,6343.32,0.96058852
861,1534136565,6343.32,0.14453909
862,1534136565,6343.34,0.85546091
863,1534136566,6343.34,0.06986716
864,1534136579,6343.63,0.00832972
865,1534136582,6345.0,0.795
866,1534136584,6345.56,0.07840408
867,1534136584,6345.79,0.12693455
868,1534136707,6345.78,1.5
869,1534136707,6346.3,0.23516507
870,1534136709,6347.0,0.7455191
871,1534136709,6347.0,0.7455191
872,1534136709,6347.0,1.5
873,1534136711,6347.0,0.06176146
874,1534136727,6347.0,0.00432366
875,1534136727,6347.0,0.00140719
876,1534136728,6347.0,0.01456786
877,1534136738,6347.0,0.00764161
878,1534136762,6345.16,0.017907
879,1534136769,6345.16,0.01577459
880,1534136773,6345.15,0.00937113
881,1534136776,6343.5,0.03941032
882,1534136778,6343.34,0.00504466
883,1534136778,6343.02,0.00372412
884,1534136781,6343.5,0.21921609
885,1534136781,6346.72,0.86976453
886,1534136784,6343.49,0.03941048
887,1534136854,6342.58,0.00157098
888,1534137020,6345.91,1.36258486
889,1534137027,6345.83,2.59478346
890,1534137029,6345.83,0.22141048
891,1534137063,6346.52,0.00179083
892,1534137067,6343.14,0.03784793
893,1534137068,6343.13,0.02665958
894,1534137086,6343.13,0.06447748
895,1534137120,6343.13,0.01903024
896,1534137122,6346.51,0.004477
897,1534137126,6343.13,0.1185901
898,1534137201,6345.83,0.03491473
899,1534137209,6345.84,0.02100061
900,1534137285,6342.58,0.01306804
901,1534137323,6342.73,0.02638356
902,1534137323,6342.72,0.16535294
903,1534137334,6343.35,0.02
904,1534137335,6345.83,0.03939595
905,1534137336,6345.83,0.01658568
906,1534137393,6345.11,0.32004197
907,1534137492,6345.01,0.004
908,1534137513,6347.27,0.164
909,1534137513,6347.28,0.836
910,1534137518,6345.76,0.03536542
911,1534137535,6345.0,10.0
912,1534137546,6343.96,0.0393831
913,1534137550,6345.25,0.26451912
914,1534137550,6345.25,0.64973523
915,1534137550,6346.47,0.0393831
916,1534137550,6346.89,3.0
917,1534137550,6347.91,0.68572795
918,1534137551,6348.4,3.0
919,1534137551,6348.4,0.023273
920,1534137553,6348.4,2.16811754
921,1534137570,6348.4,0.00137722
922,1534137577,6348.4,0.042007
923,1534137581,6348.4,0.14278993
924,1534137602,6348.86,0.05
925,1534137644,6346.73,0.03935258
926,1534137680,6348.85,0.01268576
927,1534137705,6348.85,0.02669145
928,1534137705,6348.85,0.34932513
929,1534137705,6348.86,0.113
930,1534137705,6349.38,0.0054203
931,1534137705,6350.39,0.48
932,1534137705,6350.45,0.169
933,1534137711,6350.45,0.10325659
934,1534137725,6350.6,0.001914
935,1534137731,6352.04,0.12932311
936,1534137736,6352.04,0.03367689
937,1534137748,6352.83,0.00516283
938,1534137760,6352.84,0.008756
939,1534137763,6352.84,0.0064483
940,1534137763,6352.84,0.00994807
941,1534137770,6351.47,0.01429222
942,1534137782,6353.62,0.03934765
943,1534137782,6353.62,0.0239907
944,1534137795,6351.46,0.00123312
945,1534137803,6352.16,0.001066
946,1534137816,6352.17,0.00801483
947,1534137823,6353.63,0.141
948,1534137823,6353.62,0.016
949,1534137834,6352.17,0.03125228
950,1534137834,6354.44,0.021
951,1534137839,6352.58,0.104595
952,1534137841,6354.7,0.17266747
953,1534137846,6354.69,0.03934102
954,1534137848,6354.7,0.095232
955,1534137850,6354.7,0.025959
956,1534137852,6354.7,0.06918446
957,1534137866,6354.71,0.00135409
958,1534137871,6354.71,0.00998665
959,1534137879,6354.71,0.02800005
960,1534137879,6354.67,0.03615387
961,1534137886,6352.31,0.06415392
962,1534137903,6352.16,0.06450846
963,1534137922,6352.16,0.004429
964,1534137927,6355.03,0.01445886
965,1534137955,6353.06,0.020919
966,1534137982,6352.84,0.009855
967,1534138005,6355.03,0.00159205
968,1534138019,6355.03,0.009175
969,1534138028,6352.16,0.01046
970,1534138042,6351.51,0.014915
971,1534138050,6352.22,0.3
972,1534138072,6351.51,0.056275
973,1534138075,6352.98,0.07458074
974,1534138083,6352.95,0.012426
975,1534138085,6349.8,0.0252965
976,1534138092,6349.79,0.042697
977,1534138143,6352.8,0.012522
978,1534138153,6350.65,0.1
979,1534138170,6350.65,0.008896
980,1534138203,6351.1,0.051884
981,1534138205,6349.59,0.0741
982,1534138206,6349.59,0.006
983,1534138226,6349.59,0.011719
984,1534138245,6349.59,0.068963
985,1534138252,6349.59,0.00386
986,1534138268,6348.85,0.50910714
987,1534138270,6348.85,0.03669587
988,1534138270,6348.85,0.02154313
989,1534138280,6345.96,1.0
990,1534138282,6345.36,0.00314403
991,1534138302,6343.16,0.00846104
992,1534138305,6343.15,0.02683073
993,1534138314,6342.37,0.03932621
994,1534138321,6342.01,0.002069
995,1534138323,6343.15,0.017891
996,1534138324,6341.94,0.004
997,1534138330,6343.14,0.00376339
998,1534138334,6338.59,0.0629891
999,1534138335,6336.0,0.10532802
1000,1534138336,6336.0,0.77901887
1001,1534138382,6338.79,0.16598
1002,1534138390,6336.0,0.01189556
1003,1534138395,6338.78,0.00123312
1004,1534138400,6336.79,0.14220878
1005,1534138419,6336.0,0.11338195
1006,1534138420,6336.0,0.068431
1007,1534138420,6336.0,0.61303887
1008,1534138423,6336.0,0.82413198
1009,1534138455,6336.77,0.001469
1010,1534138457,6337.75,0.30494597
1011,1534138457,6337.75,0.03441615
1012,1534138460,6340.05,0.115
1013,1534138477,6340.05,1.0
1014,1534138477,6340.05,0.07557496
1015,1534138477,6340.05,0.92442504
1016,1534138485,6340.36,0.003029
1017,1534138503,6340.37,0.001067
1018,1534138526,6340.37,0.03833291
1019,1534138534,6339.89,0.0099986
1020,1534138565,6341.29,0.03942235
1021,1534138566,6339.92,0.012826
1022,1534138580,6339.95,0.2004925
1023,1534138623,6341.29,0.089255
1024,1534138645,6341.59,0.036
1025,1534138696,6341.86,0.08776604
1026,1534138762,6340.82,0.0394254
1027,1534138770,6341.75,0.01665273
1028,1534138775,6341.78,0.03942111
1029,1534138786,6339.86,0.03943294
1030,1534138787,6339.86,0.00231574
1031,1534138788,6341.77,0.022402
1032,1534138790,6339.86,0.01484254
1033,1534138803,6339.86,0.00371
1034,1534138805,6339.86,0.17729986
1035,1534138807,6336.59,0.82270014
1036,1534138819,6336.17,0.8787
1037,1534138820,6336.0,0.01948893
1038,1534138822,6336.0,1.0
1039,1534138823,6336.0,0.1213
1040,1534138828,6336.0,0.08588235
1041,1534138841,6336.01,0.025
1042,1534138844,6336.01,1.885745
1043,1534138844,6336.01,3.75898523
1044,1534138844,6336.01,0.272821
1045,1534138844,6336.01,1.5
1046,1534138844,6336.01,0.4688841
1047,1534138862,6336.0,2.29640492
1048,1534138867,6336.0,0.025
1049,1534138868,6335.15,0.03725637
1050,1534138868,6335.15,0.01226123
1051,1534138868,6335.15,0.07023688
1052,1534138878,6335.15,0.07679144
1053,1534138884,6335.16,0.01189164
1054,1534138909,6335.15,0.01783231
1055,1534138919,6331.96,0.727179
1056,1534138926,6331.46,0.02506918
1057,1534138938,6330.36,0.03949222
1058,1534138940,6330.36,0.00844334
1059,1534138974,6332.67,0.00497192
1060,1534138988,6335.01,0.104
1061,1534138993,6334.4,1.0
1062,1534138993,6334.4,0.50558375
1063,1534139013,6334.57,0.00805579
1064,1534139017,6336.59,0.116
1065,1534139050,6336.99,0.0099708
1066,1534139051,6338.17,0.099
1067,1534139051,6339.49,0.21339126
1068,1534139052,6339.49,0.00614893
1069,1534139053,6339.49,0.18562613
1070,1534139055,6339.49,0.49951081
1071,1534139056,6339.49,0.14422925
1072,1534139077,6339.49,0.0099764
1073,1534139078,6339.49,0.00746867
1074,1534139078,6339.75,0.089
1075,1534139078,6339.81,0.3469289
1076,1534139079,6339.81,0.1130711
1077,1534139093,6338.55,0.00995897
1078,1534139096,6338.55,0.02943182
1079,1534139105,6338.55,0.00993954
1080,1534139105,6338.55,0.2982198
1081,1534139110,6339.64,0.03943442
1082,1534139110,6339.65,0.03943442
1083,1534139110,6339.65,0.01799498
1084,1534139111,6339.65,0.18594563
1085,1534139113,6339.65,0.16043689
1086,1534139121,6339.81,0.01991106
1087,1534139124,6339.81,0.22520165
1088,1534139130,6339.82,0.01956166
1089,1534139130,6339.82,0.00990748
1090,1534139134,6339.82,0.00996405
1091,1534139134,6339.82,0.00503595
1092,1534139145,6339.65,0.00179594
1093,1534139146,6339.65,0.00995207
1094,1534139153,6339.66,0.00777171
1095,1534139171,6339.65,0.01328863
1096,1534139171,6339.65,0.00341955
1097,1534139174,6339.65,0.08944106
1098,1534139178,6339.65,0.18210275
1099,1534139178,6339.65,0.21789725
1100,1534139200,6336.74,0.03943473
1101,1534139206,6335.85,0.03943903
1102,1534139217,6336.29,0.0948967
1103,1534139217,6336.29,0.00749607
1104,1534139226,6337.3,0.03943006
1105,1534139226,6336.29,0.0413393
1106,1534139238,6337.32,0.009963
1107,1534139243,6337.32,0.02946688
1108,1534139243,6337.32,0.21965356
1109,1534139264,6337.32,0.00497043
1110,1534139265,6337.32,0.0099981
1111,1534139265,6337.32,0.00920575
1112,1534139267,6337.32,0.00314716
1113,1534139268,6337.32,0.01269245
1114,1534139268,6337.32,0.18306146
1115,1534139268,6337.32,0.0649226
1116,1534139269,6337.32,0.0560475
1117,1534139269,6337.32,0.17773077
1118,1534139272,6335.8,0.14311059
1119,1534139272,6335.8,0.12114586
1120,1534139272,6335.8,0.199976
1121,1534139273,6334.62,0.19641071
1122,1534139273,6334.37,0.02509498
1123,1534139294,6334.48,0.03944425
1124,1534139300,6334.13,0.39609634
1125,1534139300,6333.76,0.115505
1126,1534139314,6334.48,0.00191676
1127,1534139322,6335.37,0.09515241
1128,1534139338,6333.85,0.03944834
1129,1534139338,6333.47,1.29625166
1130,1534139338,6333.47,1.0394
1131,1534139338,6333.47,0.2479592
1132,1534139339,6333.15,0.09947154
1133,1534139339,6333.15,0.27354673
1134,1534139340,6333.15,0.5077
1135,1534139341,6333.48,0.053142
1136,1534139341,6333.48,0.04190064
1137,1534139341,6333.48,0.00170963
1138,1534139341,6333.48,0.00967641
1139,1534139341,6333.48,0.00851119
1140,1534139341,6333.48,0.04780755
1141,1534139341,6333.48,0.02252648
1142,1534139342,6333.48,0.01912302
1143,1534139343,6333.48,0.00255163
1144,1534139346,6332.44,0.00934239
1145,1534139363,6330.56,0.00633096
1146,1534139364,6329.9,0.03728821
1147,1534139364,6329.9,0.00501619
1148,1534139370,6329.89,0.03314836
1149,1534139378,6329.92,0.0394807
1150,1534139380,6328.6,0.9605193
1151,1534139385,6325.28,0.12375
1152,1534139388,6322.01,0.24484298
1153,1534139390,6322.0,0.37422841
1154,1534139390,6320.61,0.38092861
1155,1534139391,6321.31,0.06102922
1156,1534139400,6322.47,0.03949865
1157,1534139402,6323.56,1.0
1158,1534139403,6323.12,0.10980603
1159,1534139406,6323.66,0.03949142
1160,1534139412,6325.31,0.03952382
1161,1534139415,6327.52,1.335
1162,1534139416,6329.62,1.0
1163,1534139416,6330.54,0.9999647
1164,1534139427,6325.32,0.03952359
1165,1534139432,6325.36,0.03954026
1166,1534139433,6325.37,0.46
1167,1534139435,6327.0,1.0
1168,1534139435,6327.0,1.0
1169,1534139435,6327.0,1.0
1170,1534139436,6326.16,0.0292817
1171,1534139436,6327.0,1.0
1172,1534139437,6326.2,0.0079408
1173,1534139437,6327.0,0.9404
1174,1534139449,6325.38,0.00839474
1175,1534139449,6325.38,0.03114423
1176,1534139463,6322.66,0.46
1177,1534139463,6322.66,0.30773408
1178,1534139463,6322.67,0.07586592
1179,1534139463,6324.02,0.03953182
1180,1534139465,6325.9,3.0
1181,1534139465,6322.67,0.81426559
1182,1534139465,6322.54,1.5
1183,1534139465,6322.52,1.0
1184,1534139465,6321.3,1.0
1185,1534139466,6320.0,1.8931525
1186,1534139472,6322.36,0.03775785
1187,1534139475,6320.0,0.69229403
1188,1534139476,6320.0,1.0
1189,1534139476,6321.23,0.03955074
1190,1534139495,6320.0,1.0
1191,1534139495,6320.0,0.30770597
1192,1534139501,6320.0,0.0035491
1193,1534139508,6320.0,1.0
1194,1534139510,6320.0,1.95926296
1195,1534139513,6320.0,0.02196526
1196,1534139513,6320.0,0.0095114
1197,1534139513,6320.0,0.01311575
1198,1534139519,6320.0,2.0
1199,1534139519,6320.0,0.00106358
1200,1534139522,6320.0,0.03835663
1201,1534139535,6320.0,0.027
1202,1534139536,6320.0,0.03302282
1203,1534139549,6315.75,0.0134
1204,1534139558,6312.62,0.84693154
1205,1534139563,6312.62,1.0
1206,1534139563,6312.62,0.12004564
1207,1534139565,6312.62,0.01410666
1208,1534139565,6312.62,0.25962462
1209,1534139568,6313.34,0.03954964
1210,1534139568,6313.35,2.22168036
1211,1534139572,6313.35,0.00906953
1212,1534139575,6313.36,0.50626957
1213,1534139579,6313.76,0.0099997
1214,1534139581,6313.77,0.00998596
1215,1534139583,6315.34,0.23074989
1216,1534139583,6316.9,1.0
1217,1534139583,6317.11,0.76930667
1218,1534139598,6312.63,0.02960165
1219,1534139598,6312.62,1.09480229
1220,1534139601,6314.13,0.001
1221,1534139602,6312.62,0.00999841
1222,1534139604,6312.62,1.78561715
1223,1534139604,6312.62,1.59605266
1224,1534139605,6312.62,0.02674144
1225,1534139606,6312.62,0.81607959
1226,1534139607,6312.48,0.0012503
1227,1534139612,6303.14,0.45
1228,1534139612,6303.14,0.449
1229,1534139612,6303.0,0.025
1230,1534139612,6302.09,1.61378612
1231,1534139612,6302.08,12.55
1232,1534139613,6301.95,0.3
1233,1534139615,6301.83,0.02
1234,1534139621,6302.26,0.28171692
1235,1534139622,6302.33,0.7182
1236,1534139622,6301.92,0.00291963
1237,1534139622,6301.92,0.65965578
1238,1534139630,6306.6,0.0396226
1239,1534139631,6306.61,2.9999774
1240,1534139631,6307.74,0.0317
1241,1534139632,6307.74,4.219e-05
1242,1534139634,6315.2,1.26096475
1243,1534139635,6313.99,1.0
1244,1534139635,6315.2,1.0000176
1245,1534139635,6311.0,0.01015356
1246,1534139635,6311.0,0.0581
1247,1534139636,6315.2,0.11271765
1248,1534139636,6315.28,0.849
1249,1534139636,6316.14,0.041
1250,1534139636,6316.47,0.27155998
1251,1534139636,6311.53,0.05855188
1252,1534139640,6314.21,0.02032839
1253,1534139641,6315.02,0.0099482
1254,1534139641,6316.47,2.10164002
1255,1534139641,6316.65,0.46
1256,1534139641,6316.72,0.59035998
1257,1534139646,6315.1,0.0099753
1258,1534139647,6315.1,0.00501571
1259,1534139647,6315.1,0.00999128
1260,1534139647,6316.71,2.00005473
1261,1534139653,6312.68,0.03954906
1262,1534139653,6312.39,0.001
1263,1534139659,6310.07,0.0381202
1264,1534139660,6308.24,0.10460814
1265,1534139662,6307.71,0.0719928
1266,1534139668,6303.14,0.01001658
1267,1534139668,6303.14,0.05013251
1268,1534139670,6304.07,0.0515
1269,1534139672,6304.07,9.293e-05
1270,1534139676,6307.27,0.46
1271,1534139676,6307.7,0.03960277
1272,1534139680,6312.32,0.5383
1273,1534139683,6314.96,0.62
1274,1534139684,6313.78,0.047
1275,1534139684,6314.39,0.38
1276,1534139684,6317.57,1.6199559
1277,1534139685,6313.78,0.047
1278,1534139685,6313.78,0.13706521
1279,1534139685,6313.78,0.049
1280,1534139687,6313.57,0.043
1281,1534139688,6313.79,0.00505272
1282,1534139692,6313.79,0.03451148
1283,1534139693,6314.89,0.047
1284,1534139693,6316.47,0.051
1285,1534139694,6318.05,0.039
1286,1534139694,6319.63,0.022
1287,1534139694,6323.96,3.041
1288,1534139694,6324.22,0.03958195
1289,1534139696,6316.02,0.02265417
1290,1534139696,6326.49,0.9280072
1291,1534139697,6328.45,1.07198816
1292,1534139697,6316.02,0.02535918
1293,1534139697,6316.02,0.02535918
1294,1534139709,6318.11,0.00999856
1295,1534139710,6321.41,0.07337253
1296,1534139710,6321.55,1.92662405
1297,1534139710,6318.11,0.0296206
1298,1534139710,6318.1,0.0321794
1299,1534139713,6318.22,0.06442236
1300,1534139716,6318.23,0.00589023
1301,1534139717,6318.23,0.01284887
1302,1534139722,6318.31,0.11462499
1303,1534139724,6318.25,0.0169
1304,1534139727,6318.23,0.0221
1305,1534139734,6318.23,0.0018
1306,1534139739,6318.23,0.02
1307,1534139743,6318.23,0.00805993
1308,1534139758,6318.08,0.00499243
1309,1534139758,6320.08,0.0395407
1310,1534139764,6317.03,0.0167
1311,1534139772,6317.87,0.00990511
1312,1534139776,6322.49,0.46
1313,1534139780,6321.7,0.08654637
1314,1534139781,6321.71,0.24729947
1315,1534139782,6323.5,0.043
1316,1534139782,6324.12,0.00997506
1317,1534139782,6325.08,0.04
1318,1534139783,6326.66,0.043
1319,1534139785,6324.13,0.00501858
1320,1534139786,6324.13,0.00135664
1321,1534139787,6324.13,0.0256
1322,1534139793,6323.97,1.0
1323,1534139793,6326.5,0.999965
1324,1534139794,6323.86,0.08673071
1325,1534139796,6323.97,0.02984453
1326,1534139800,6323.97,0.02985344
1327,1534139802,6323.97,0.02633109
1328,1534139803,6323.98,0.03951778
1329,1534139803,6323.98,0.45526847
1330,1534139804,6327.84,0.46
1331,1534139807,6331.22,1.0
1332,1534139808,6331.22,0.728
1333,1534139808,6331.22,0.03948692
1334,1534139809,6331.23,0.00629388
1335,1534139811,6331.31,0.00263851
1336,1534139816,6331.32,0.03948613
1337,1534139817,6332.78,0.12375
1338,1534139817,6332.8,1.0
1339,1534139817,6333.65,0.87624541
1340,1534139825,6330.1,0.00501858
1341,1534139833,6329.66,0.02213506
1342,1534139833,6328.99,0.00998234
1343,1534139841,6328.99,0.001
1344,1534139856,6330.69,0.0023371
1345,1534139870,6330.88,0.2574
1346,1534139870,6330.88,0.3544235
1347,1534139870,6330.88,0.14567466
1348,1534139870,6330.67,0.02382534
1349,1534139870,6330.67,0.01188026
1350,1534139878,6330.67,0.0842
1351,1534139893,6329.03,0.00501858
1352,1534139920,6329.65,0.00217378
1353,1534139930,6328.76,0.00181769
1354,1534139932,6328.18,0.00801168
1355,1534139932,6328.18,0.06463694
1356,1534139932,6328.18,0.3281606
1357,1534139933,6327.62,0.00250866
1358,1534139933,6327.62,0.00178495
1359,1534139933,6327.18,0.13954875
1360,1534139934,6326.51,0.10657433
1361,1534139934,6326.51,0.14225415
1362,1534139934,6326.51,0.02819974
1363,1534139934,6326.51,0.10057891
1364,1534139934,6326.51,0.10613449
1365,1534139934,6326.51,0.02389994
1366,1534139934,6326.51,0.07080135
1367,1534139934,6326.51,0.1270149
1368,1534139935,6327.19,0.06139612
1369,1534139935,6327.19,0.0109417
1370,1534139935,6327.19,0.00501114
1371,1534139935,6327.19,0.03298738
1372,1534139936,6327.19,0.2288147
1373,1534139937,6327.19,0.01581223
1374,1534139937,6327.19,0.1611414
1375,1534139938,6327.19,0.06345472
1376,1534139938,6327.19,0.0394762
1377,1534139938,6327.19,0.22973651
1378,1534139939,6327.19,0.0243315
1379,1534139939,6327.19,0.03668276
1380,1534139943,6327.23,0.157378
1381,1534139958,6329.64,0.11534136
1382,1534139966,6328.27,0.00999175
1383,1534139998,6328.68,0.03740018
1384,1534140003,6328.68,0.00206621
1385,1534140004,6328.66,0.80513379
1386,1534140004,6328.66,0.687
1387,1534140007,6328.66,0.0384
1388,1534140009,6331.83,0.03948306
1389,1534140010,6331.84,0.12536094
1390,1534140013,6328.66,0.0175
1391,1534140015,6329.36,0.0079
1392,1534140018,6328.67,0.0093
1393,1534140018,6328.67,0.0099756
1394,1534140018,6328.67,0.0153
1395,1534140019,6328.67,0.00492707
1396,1534140020,6328.66,0.03056293
1397,1534140021,6328.66,0.01716526
1398,1534140025,6328.65,0.0179
1399,1534140028,6328.64,0.019
1400,1534140031,6328.64,0.18477763
1401,1534140031,6328.64,0.19432237
1402,1534140032,6328.64,0.00115707
1403,1534140033,6328.64,0.0249
1404,1534140035,6328.64,0.00842835
1405,1534140037,6328.64,0.0176
1406,1534140048,6328.64,0.01251169
1407,1534140058,6328.65,0.4245
1408,1534140059,6328.65,0.0424
1409,1534140062,6328.65,0.0013889
1410,1534140064,6328.65,0.14767386
1411,1534140066,6328.65,0.00995325
1412,1534140066,6328.65,0.0153
1413,1534140068,6328.65,0.00995998
1414,1534140075,6328.65,0.001
1415,1534140076,6328.65,0.04456444
1416,1534140083,6331.07,0.015795
1417,1534140085,6328.65,0.0018252
1418,1534140085,6328.65,0.00233426
1419,1534140087,6328.65,0.00998043
1420,1534140097,6331.16,0.015795
1421,1534140103,6331.16,0.015795
1422,1534140107,6328.66,0.00790458
1423,1534140107,6328.66,0.00798059
1424,1534140107,6328.66,0.35377951
1425,1534140108,6328.66,0.0183043
1426,1534140108,6328.66,0.23482952
1427,1534140113,6331.16,0.015795
1428,1534140117,6331.15,0.0394873
1429,1534140117,6331.16,0.002
1430,1534140117,6331.64,0.01160507
1431,1534140120,6328.66,0.01056075
1432,1534140125,6329.82,0.015791
1433,1534140129,6328.67,0.03941922
1434,1534140129,6328.67,0.06021238
1435,1534140133,6329.82,0.00748522
1436,1534140135,6330.56,0.00831278
1437,1534140139,6329.82,0.0043
1438,1534140145,6332.89,0.015796
1439,1534140152,6332.88,0.015791
1440,1534140163,6329.83,0.01588223
1441,1534140163,6329.82,0.06809283
1442,1534140165,6329.83,0.00118203
1443,1534140166,6333.06,0.015791
1444,1534140169,6329.86,0.01101058
1445,1534140171,6329.87,0.00216434
1446,1534140172,6333.06,0.00449438
1447,1534140173,6333.06,0.00571462
1448,1534140175,6334.57,0.01007538
1449,1534140175,6333.06,0.00764057
1450,1534140177,6333.06,0.00134931
1451,1534140178,6333.06,0.00691427
1452,1534140179,6332.06,0.01329688
1453,1534140183,6332.06,0.00870746
1454,1534140185,6332.06,0.06499781
1455,1534140186,6330.79,0.0090872
1456,1534140187,6331.62,0.015786
1457,1534140192,6330.8,1.0
1458,1534140194,6326.14,0.01579
1459,1534140195,6326.14,0.01579
1460,1534140195,6326.14,0.04920781
1461,1534140201,6327.15,0.02192823
1462,1534140202,6328.33,0.0394714
1463,1534140203,6327.16,0.015807
1464,1534140203,6327.15,0.0014178
1465,1534140204,6327.16,0.9084
1466,1534140204,6327.16,3e-06
1467,1534140205,6329.97,0.0100032
1468,1534140206,6331.91,0.00222599
1469,1534140208,6333.06,0.02297507
1470,1534140211,6333.06,0.001
1471,1534140213,6333.07,0.03935879
1472,1534140215,6330.83,0.00530962
1473,1534140215,6333.06,0.015786
1474,1534140217,6329.76,0.01157463
1475,1534140218,6329.76,0.02778416
1476,1534140218,6329.11,0.03720646
1477,1534140218,6329.11,0.05153125
1478,1534140220,6329.12,0.007289
1479,1534140220,6329.12,0.00170068
1480,1534140225,6333.05,0.01579
1481,1534140225,6333.05,0.02368545
1482,1534140226,6334.64,0.026
1483,1534140234,6333.73,0.00792221
1484,1534140235,6333.73,0.00209373
1485,1534140236,6334.89,0.01579
1486,1534140236,6333.73,0.00792221
1487,1534140236,6334.89,0.00995745
1488,1534140239,6334.89,0.0033139
1489,1534140242,6335.22,0.44
1490,1534140243,6336.22,0.01579
1491,1534140244,6336.22,0.01121
1492,1534140252,6336.73,0.00624365
1493,1534140256,6339.63,0.015774
1494,1534140259,6336.74,0.01646075
1495,1534140264,6338.17,0.015773
1496,1534140273,6338.17,0.015774
1497,1534140284,6338.17,0.015777
1498,1534140293,6338.17,0.00607694
1499,1534140294,6339.6,0.00970006
1500,1534140306,6339.6,0.015774
1501,1534140313,6341.41,0.015774
1502,1534140324,6341.41,0.2526427
1503,1534140327,6341.41,0.015769
1504,1534140328,6341.41,0.1558143
1505,1534140328,6342.32,0.12375
1506,1534140332,6342.53,0.53236801
1507,1534140332,6342.53,0.4001694
1508,1534140333,6342.53,0.52338262
1509,1534140334,6342.53,0.99807997
1510,1534140336,6343.27,0.014
1511,1534140336,6344.85,0.001769
1512,1534140339,6343.33,0.00473243
1513,1534140343,6344.85,0.013231
1514,1534140345,6344.9,0.002536
1515,1534140354,6344.9,0.437464
1516,1534140354,6345.92,1.0
1517,1534140354,6346.43,0.018
1518,1534140354,6346.75,0.54453688
1519,1534140355,6346.75,0.015761
1520,1534140364,6348.01,0.015
1521,1534140366,6349.01,0.000761
1522,1534140373,6349.01,0.015753
1523,1534140378,6348.02,0.001
1524,1534140384,6349.59,0.015
1525,1534140386,6349.69,0.00075
1526,1534140393,6349.59,0.01575
1527,1534140398,6348.89,2.15475204
1528,1534140398,6343.63,1.0
1529,1534140398,6342.71,3.0
1530,1534140399,6348.89,0.03838017
1531,1534140404,6346.2,0.015749
1532,1534140413,6346.61,0.015757
1533,1534140424,6346.61,0.00491993
1534,1534140426,6343.35,0.00148077
1535,1534140426,6346.61,0.015756
1536,1534140434,6346.6,0.015756
1537,1534140449,6346.62,0.015756
1538,1534140449,6346.61,1.0
1539,1534140449,6346.61,0.3
1540,1534140449,6346.6,0.5
1541,1534140450,6346.36,0.2
1542,1534140453,6346.62,0.015756
1543,1534140471,6346.62,0.00895752
1544,1534140576,6344.91,0.0739646
1545,1534140577,6344.91,0.02062853
1546,1534140585,6347.15,0.011551
1547,1534140646,6347.7,0.44
1548,1534140665,6347.87,1.0
1549,1534140666,6347.87,0.3
1550,1534140666,6347.87,0.65006883
1551,1534140672,6347.92,0.64993117
1552,1534140672,6347.88,0.35006883
1553,1534140674,6347.92,0.828087
1554,1534140687,6347.93,0.12569
1555,1534140694,6347.92,0.001
1556,1534140697,6347.93,0.03731925
1557,1534140713,6348.14,0.03990275
1558,1534140719,6352.98,0.44
1559,1534140720,6355.38,1.0
1560,1534140720,6355.38,1.0
1561,1534140721,6355.38,0.174
1562,1534140723,6355.43,0.719
1563,1534140724,6356.42,0.15296
1564,1534140725,6359.61,1.0
1565,1534140726,6359.52,1.0
1566,1534140726,6359.52,0.27
1567,1534140727,6359.61,0.032
1568,1534140734,6363.05,1.5
1569,1534140735,6363.36,0.49994235
1570,1534140737,6360.79,1.0
1571,1534140737,6360.79,0.3
1572,1534140737,6360.75,0.5
1573,1534140738,6360.8,0.5
1574,1534140738,6359.77,0.03636391
1575,1534140738,6356.82,0.16363609
1576,1534140754,6359.82,0.97725756
1577,1534140754,6359.83,0.00960546
1578,1534140757,6359.82,0.00120507
1579,1534140773,6359.82,0.15790128
1580,1534140773,6359.78,0.5
1581,1534140773,6358.93,0.75
1582,1534140774,6359.82,0.55
1583,1534140783,6354.5,0.99039454
1584,1534140788,6359.4,0.95005765
1585,1534140803,6359.4,0.001
1586,1534140827,6361.0,0.03930336
1587,1534140837,6363.76,0.12375
1588,1534140838,6363.76,0.12375
1589,1534140842,6365.0,0.42
1590,1534140842,6365.34,0.54069664
1591,1534140846,6365.34,1.0
1592,1534140846,6365.34,1.0
1593,1534140847,6363.95,1.0
1594,1534140848,6363.95,0.3
1595,1534140848,6363.91,0.31
1596,1534140849,6365.34,9.95930336
1597,1534140853,6366.77,1.0
1598,1534140854,6366.77,0.3
1599,1534140854,6366.73,0.5
1600,1534140855,6366.77,1.0
1601,1534140855,6366.77,0.2475
1602,1534140868,6366.94,0.00968554
1603,1534140868,6366.94,1.29031446
1604,1534140868,6366.9,0.5
1605,1534140868,6366.89,0.03925614
1606,1534140869,6365.52,0.00313407
1607,1534140869,6360.85,0.00968554
1608,1534140869,6366.99,0.2
1609,1534140870,6366.99,1.0
1610,1534140870,6366.99,0.09031446
1611,1534140870,6366.95,0.5
1612,1534140871,6363.97,0.40968554
1613,1534140885,6363.97,0.89031446
1614,1534140886,6363.93,0.5
1615,1534140886,6363.93,1.3
1616,1534140887,6361.42,0.7
1617,1534140887,6360.92,0.10968554
1618,1534140915,6361.32,0.08752391
1619,1534140928,6361.33,0.05740673
1620,1534140936,6364.04,0.02
1621,1534140937,6365.65,0.03925898
1622,1534140950,6365.64,0.1
1623,1534140993,6364.39,0.00480083
1624,1534140999,6364.45,0.172
1625,1534141005,6364.51,0.155199
1626,1534141007,6364.51,0.183664
1627,1534141010,6364.62,0.182879
1628,1534141017,6365.46,1.94259327
1629,1534141017,6365.48,0.163134
1630,1534141019,6369.18,1.0
1631,1534141019,6369.51,0.10637
1632,1534141020,6372.19,0.42
1633,1534141021,6375.16,0.47363
1634,1534141021,6372.66,1.0
1635,1534141021,6372.66,0.3
1636,1534141022,6372.62,0.17363
1637,1534141022,6372.61,0.11199898
1638,1534141022,6372.61,0.47363
1639,1534141023,6372.66,0.1
1640,1534141023,6374.1,0.00313407
1641,1534141023,6375.73,0.59806593
1642,1534141023,6375.73,0.40193407
1643,1534141023,6376.38,1.14682243
1644,1534141024,6376.38,1.02480399
1645,1534141024,6376.38,2.60823641
1646,1534141024,6376.38,1.0
1647,1534141024,6376.38,1.79013717
1648,1534141025,6377.76,0.45
1649,1534141025,6378.48,0.0012503
1650,1534141025,6381.25,10.81120224
1651,1534141025,6381.8,0.0046
1652,1534141026,6382.65,1.02367573
1653,1534141026,6382.65,0.88055379
1654,1534141026,6381.17,0.016
1655,1534141026,6387.0,0.03
1656,1534141027,6377.75,0.00269564
1657,1534141027,6387.0,0.96800478
1658,1534141027,6387.0,2.376
1659,1534141028,6387.0,1.452
1660,1534141029,6387.0,0.02
1661,1534141029,6387.0,0.1759924
1662,1534141029,6387.0,32.4798
1663,1534141030,6387.0,0.02
1664,1534141030,6387.0,0.02
1665,1534141030,6387.0,0.16433818
1666,1534141030,6387.0,0.2719828
1667,1534141031,6387.0,2.02188184
1668,1534141031,6387.0,5.0
1669,1534141031,6389.0,0.02661875
1670,1534141032,6389.26,0.00124031
1671,1534141032,6397.21,2.34814094
1672,1534141033,6388.99,0.105987
1673,1534141034,6397.21,1.99996374
1674,1534141034,6397.21,1.452
1675,1534141035,6397.21,0.50342911
1676,1534141035,6397.4,0.00587053
1677,1534141035,6399.77,0.00361204
1678,1534141035,6400.0,1.86308832
1679,1534141035,6400.0,0.22011005
1680,1534141036,6400.0,7.9685
1681,1534141037,6400.0,2.376
1682,1534141037,6400.0,9.45230163
1683,1534141037,6400.0,1.64625092
1684,1534141037,6400.03,0.00124032
1685,1534141038,6403.81,1.06069286
1686,1534141038,6403.81,0.28673419
1687,1534141038,6404.0,0.02834231
1688,1534141038,6406.79,0.296646
1689,1534141038,6408.94,3.0
1690,1534141038,6410.31,0.22779177
1691,1534141040,6410.36,0.07976
1692,1534141040,6410.81,0.00124033
1693,1534141040,6410.81,0.59875967
1694,1534141041,6410.81,0.02
1695,1534141041,6410.32,1.0
1696,1534141043,6410.81,0.02
1697,1534141043,6413.2,0.58
1698,1534141043,6410.81,0.004
1699,1534141044,6413.2,6.5473
1700,1534141044,6413.2,0.04988929
1701,1534141045,6413.2,1.44696478
1702,1534141045,6413.2,1.6
1703,1534141045,6413.2,2.27584593
1704,1534141045,6417.6,0.049
1705,1534141046,6417.6,0.05390797
1706,1534141046,6419.0,0.03017748
1707,1534141046,6420.0,0.1
1708,1534141046,6420.0,0.2
1709,1534141046,6420.65,0.1
1710,1534141046,6421.0,0.1
1711,1534141047,6421.58,0.00124034
1712,1534141047,6424.48,0.2
1713,1534141047,6425.0,2.0
1714,1534141047,6428.49,0.03765519
1715,1534141047,6425.95,0.25075812
1716,1534141050,6421.76,0.04609203
1717,1534141051,6423.17,0.01017182
1718,1534141051,6424.97,1.5
1719,1534141052,6425.37,0.007801
1720,1534141052,6425.37,0.00299682
1721,1534141052,6425.37,1.03320218
1722,1534141052,6423.17,0.96679782
1723,1534141053,6428.48,0.03
1724,1534141053,6423.17,0.1
1725,1534141053,6428.48,0.01
1726,1534141054,6424.89,0.5
1727,1534141054,6423.22,0.01016293
1728,1534141054,6425.37,0.00541621
1729,1534141054,6428.48,1.46
1730,1534141055,6429.22,0.09954551
1731,1534141055,6429.23,1.43503828
1732,1534141055,6423.61,0.44
1733,1534141056,6429.22,0.07
1734,1534141056,6425.38,0.011
1735,1534141056,6429.22,0.06221585
1736,1534141056,6425.38,0.00185676
1737,1534141056,6429.22,2.86778415
1738,1534141056,6429.23,0.13221585
1739,1534141057,6429.23,5.0
1740,1534141057,6428.46,1.0
1741,1534141058,6426.86,0.00304266
1742,1534141059,6429.23,5.93274587
1743,1534141059,6429.23,0.00258266
1744,1534141059,6430.0,0.1
1745,1534141059,6430.0,0.2
1746,1534141059,6431.0,0.1
1747,1534141059,6431.86,0.02156929
1748,1534141059,6432.18,0.27685703
1749,1534141060,6432.36,0.00123035
1750,1534141060,6434.0,0.03213147
1751,1534141061,6435.72,0.00536849
1752,1534141061,6435.72,0.00965973
1753,1534141061,6435.72,1.5
1754,1534141061,6435.72,1.5
1755,1534141062,6435.72,0.00862319
1756,1534141063,6435.72,0.00845266
1757,1534141064,6435.72,0.06029237
1758,1534141064,6435.73,0.03883159
1759,1534141065,6435.72,0.49499086
1760,1534141065,6435.72,1.4841
1761,1534141065,6435.72,0.53934727
1762,1534141065,6431.86,0.86
1763,1534141066,6430.0,0.22758687
1764,1534141067,6429.33,0.00148868
1765,1534141067,6430.1,2.32581132
1766,1534141068,6429.33,0.00252266
1767,1534141069,6429.33,2.32717734
1768,1534141069,6423.78,0.00298197
1769,1534141069,6426.3,0.66741566
1770,1534141070,6429.16,0.325
1771,1534141071,6423.78,0.00310565
1772,1534141071,6422.82,0.06010636
1773,1534141072,6422.82,0.00395266
1774,1534141072,6422.82,0.12551065
1775,1534141072,6422.82,0.06221488
1776,1534141072,6422.9,0.046
1777,1534141072,6423.78,0.00384096
1778,1534141073,6423.79,0.45015904
1779,1534141073,6422.82,0.005989
1780,1534141073,6422.82,0.74222645
1781,1534141074,6411.0,0.19506303
1782,1534141074,6411.0,0.5
1783,1534141075,6411.0,0.80493697
1784,1534141075,6410.99,0.00310565
1785,1534141076,6410.99,0.00310565
1786,1534141076,6410.99,0.01139266
1787,1534141076,6411.0,0.3
1788,1534141077,6409.09,0.00311277
1789,1534141077,6390.0,0.0188632
1790,1534141077,6410.89,0.5
1791,1534141078,6408.42,0.12833471
1792,1534141079,6409.98,0.062
1793,1534141079,6410.99,0.29321249
1794,1534141079,6410.99,0.12
1795,1534141079,6410.99,0.19431611
1796,1534141080,6400.1,2.3399
1797,1534141080,6398.76,0.50029751
1798,1534141080,6410.99,0.40568389
1799,1534141081,6410.99,0.09431611
1800,1534141081,6389.67,0.01806142
1801,1534141081,6388.99,1.5
1802,1534141081,6388.99,0.01806335
1803,1534141081,6388.6,0.5
1804,1534141082,6388.6,1.3
1805,1534141082,6388.6,0.09954551
1806,1534141082,6388.6,0.26409511
1807,1534141083,6388.6,1.3
1808,1534141083,6388.6,2.3412
1809,1534141084,6388.6,0.3
1810,1534141084,6388.6,1.0
1811,1534141084,6388.6,2.19
1812,1534141084,6388.6,1.0
1813,1534141085,6388.6,1.0
1814,1534141085,6388.6,0.3556918
1815,1534141086,6388.6,1.0
1816,1534141086,6388.6,0.5
1817,1534141087,6388.6,0.42228715
1818,1534141087,6389.68,0.87771285
1819,1534141087,6389.16,0.12228715
1820,1534141088,6395.42,0.3133
1821,1534141088,6398.75,0.02383542
1822,1534141089,6394.81,1.0
1823,1534141089,6398.75,0.01501776
1824,1534141090,6399.07,0.00881766
1825,1534141091,6396.71,0.01810254
1826,1534141092,6395.1,0.62863222
1827,1534141092,6396.71,0.89729275
1828,1534141093,6396.78,0.063
1829,1534141093,6396.76,1.0
1830,1534141095,6396.78,0.937
1831,1534141095,6396.78,0.10801777
1832,1534141095,6396.78,2.31144819
1833,1534141096,6396.72,0.8
1834,1534141096,6397.85,0.5
1835,1534141096,6397.85,0.5
1836,1534141096,6396.71,0.0174386
1837,1534141097,6397.98,0.5
1838,1534141101,6398.48,1.0
1839,1534141102,6398.48,0.2174386
1840,1534141102,6398.44,0.37118234
1841,1534141103,6398.49,0.2174386
1842,1534141104,6398.44,0.5
1843,1534141104,6398.44,0.12
1844,1534141107,6398.1,0.09
1845,1534141108,6397.5,0.03885539
1846,1534141109,6397.2,0.01
1847,1534141112,6396.91,0.00191075
1848,1534141113,6397.05,0.55
1849,1534141127,6397.66,0.5
1850,1534141127,6397.63,0.05
1851,1534141127,6397.63,1.0
1852,1534141128,6397.63,0.25
1853,1534141128,6397.58,0.01363803
1854,1534141128,6394.97,0.5
1855,1534141129,6394.61,1.5
1856,1534141129,6390.45,1.3
1857,1534141131,6389.53,0.45
1858,1534141133,6389.53,0.85
1859,1534141133,6388.63,0.8176
1860,1534141134,6387.0,0.84818222
1861,1534141134,6387.0,0.70374646
1862,1534141134,6382.25,0.25075812
1863,1534141134,6381.47,1.14924188
1864,1534141135,6389.53,0.04924188
1865,1534141135,6389.53,0.10151624
1866,1534141135,6388.64,0.69046599
1867,1534141136,6388.64,0.80953401
1868,1534141137,6391.76,1.0
1869,1534141137,6397.64,0.25075812
1870,1534141137,6397.66,1.5
1871,1534141137,6397.67,0.24924188
1872,1534141138,6398.09,0.03907416
1873,1534141138,6401.93,0.44
1874,1534141138,6403.02,1.0
1875,1534141139,6403.02,0.7507
1876,1534141140,6403.21,0.17931168
1877,1534141141,6406.96,0.01
1878,1534141141,6408.69,0.3
1879,1534141142,6409.09,2.30224341
1880,1534141142,6408.69,0.6
1881,1534141142,6408.69,0.39
1882,1534141143,6405.98,0.449
1883,1534141143,6405.98,0.45
1884,1534141143,6403.21,1.32068832
1885,1534141143,6403.21,0.15
1886,1534141143,6403.07,1.3
1887,1534141143,6391.21,2.4499
1888,1534141144,6385.89,0.008
1889,1534141144,6385.88,1.5
1890,1534141144,6385.07,0.30778679
1891,1534141144,6405.98,0.906
1892,1534141145,6400.75,0.01694304
1893,1534141145,6408.69,0.28305696
1894,1534141145,6408.69,1.15559963
1895,1534141146,6409.98,0.062
1896,1534141146,6410.99,0.03230459
1897,1534141146,6422.82,0.5061
1898,1534141146,6422.85,0.062
1899,1534141147,6423.25,0.8176
1900,1534141147,6427.33,0.094
1901,1534141149,6429.12,0.24
1902,1534141149,6434.2,0.00599595
1903,1534141150,6435.71,0.01818083
1904,1534141150,6435.71,0.00351917
1905,1534141150,6437.82,0.001604
1906,1534141150,6440.0,0.05709374
1907,1534141151,6433.52,0.02
1908,1534141151,6440.0,0.04290626
1909,1534141151,6440.0,0.2
1910,1534141151,6440.0,0.25709374
1911,1534141152,6440.0,0.22647905
1912,1534141152,6440.29,0.05
1913,1534141152,6440.29,0.04686548
1914,1534141152,6435.71,0.65745096
1915,1534141153,6441.0,0.1
1916,1534141153,6441.41,0.00744808
1917,1534141153,6441.41,0.00931
1918,1534141153,6442.17,0.02421907
1919,1534141153,6443.13,0.00123036
1920,1534141154,6444.48,0.2
1921,1534141154,6445.31,3.98178365
1922,1534141154,6441.0,0.15175093
1923,1534141155,6440.0,0.19502858
1924,1534141156,6445.31,5.0
1925,1534141156,6445.31,0.35190692
1926,1534141157,6445.31,1.0
1927,1534141157,6445.3,0.01
1928,1534141157,6445.31,1.34639077
1929,1534141157,6445.31,0.01816307
1930,1534141157,6445.31,0.80175559
1931,1534141158,6445.31,0.44900253
1932,1534141159,6448.0,0.1
1933,1534141159,6449.0,0.03421198
1934,1534141159,6450.0,0.1
1935,1534141159,6450.0,0.08
1936,1534141159,6450.0,0.00085161
1937,1534141159,6450.0,0.2
1938,1534141159,6451.0,0.1
1939,1534141160,6453.58,0.1
1940,1534141160,6453.58,0.28493641
1941,1534141160,6448.66,1.0
1942,1534141160,6445.31,0.21506359
1943,1534141161,6445.32,0.01459674
1944,1534141161,6453.91,0.00123037
1945,1534141162,6445.31,0.15410728
1946,1534141162,6454.42,0.01919679
1947,1534141162,6454.43,0.00621842
1948,1534141163,6455.54,0.02
1949,1534141163,6457.52,0.14221979
1950,1534141163,6460.0,0.018
1951,1534141163,6460.0,0.1
1952,1534141163,6460.0,0.2
1953,1534141164,6453.9,0.14
1954,1534141164,6445.42,0.03111044
1955,1534141164,6448.8,1.5
1956,1534141164,6453.9,0.16
1957,1534141164,6460.39,0.449
1958,1534141165,6460.39,0.45
1959,1534141165,6460.39,0.449
1960,1534141165,6460.39,0.45
1961,1534141165,6461.0,0.1
1962,1534141165,6461.42,0.03476872
1963,1534141166,6445.42,2.28758956
1964,1534141166,6445.31,1.07754409
1965,1534141166,6445.31,0.1516106
1966,1534141166,6445.31,2.8483894
1967,1534141166,6445.31,0.71967184
1968,1534141166,6442.17,0.0181
1969,1534141167,6442.17,7.193e-05
1970,1534141167,6440.77,0.03103851
1971,1534141167,6442.52,0.45
1972,1534141167,6442.52,0.35278255
1973,1534141168,6442.52,0.69721745
1974,1534141168,6443.59,0.03879392
1975,1534141169,6440.77,1.97796149
1976,1534141169,6440.01,0.3
1977,1534141169,6440.01,0.611
1978,1534141170,6440.01,0.45
1979,1534141170,6440.01,0.15910063
1980,1534141170,6440.01,0.29089937
1981,1534141170,6438.92,0.037
1982,1534141171,6437.24,0.01548205
1983,1534141171,6436.61,0.45
1984,1534141172,6445.31,0.004
1985,1534141173,6446.99,1.0
1986,1534141173,6446.32,0.5
1987,1534141174,6448.8,0.099812
1988,1534141174,6448.8,0.900188
1989,1534141174,6453.61,0.03070352
1990,1534141174,6453.61,0.3
1991,1534141175,6454.41,0.09288223
1992,1534141175,6453.61,0.44
1993,1534141176,6454.4,0.23
1994,1534141176,6453.61,0.1
1995,1534141176,6453.61,0.12929648
1996,1534141177,6451.45,4.87070352
1997,1534141177,6445.08,0.08776566
1998,1534141178,6443.59,2.89503828
1999,1534141178,6443.24,1.0
2000,1534141178,6440.01,0.0039528
2001,1534141178,6440.01,0.0580472
2002,1534141178,6440.01,0.32303028
2003,1534141178,6440.01,0.19073797
2004,1534141178,6440.01,0.10834165
2005,1534141179,6440.01,0.3752
2006,1534141179,6440.01,0.00185266
2007,1534141179,6445.0,0.99814734
2008,1534141179,6440.01,0.12835701
2009,1534141179,6440.01,1.42184282
2010,1534141179,6440.01,0.2069
2011,1534141179,6437.24,0.02664016
2012,1534141179,6437.24,0.01377684
2013,1534141180,6437.24,0.48562117
2014,1534141180,6437.24,0.4969848
2015,1534141180,6436.6,0.01805089
2016,1534141180,6436.6,0.01549886
2017,1534141180,6435.71,0.021
2018,1534141180,6434.32,0.062
2019,1534141180,6429.12,0.229
2020,1534141180,6419.02,0.25
2021,1534141181,6415.08,0.841
2022,1534141181,6415.08,2.3677
2023,1534141181,6415.08,5.0
2024,1534141182,6415.08,3.0
2025,1534141182,6415.08,7.39641599
2026,1534141182,6446.32,0.6
2027,1534141182,6454.41,0.021
2028,1534141182,6454.41,0.3125
2029,1534141183,6454.41,0.42015891
2030,1534141184,6436.6,0.02023778
2031,1534141185,6443.17,1.5
2032,1534141185,6443.23,0.03880042
2033,1534141185,6443.24,1.07984109
2034,1534141186,6443.59,0.01547549
2035,1534141187,6433.48,0.06247711
2036,1534141187,6428.01,0.02159271
2037,1534141188,6428.01,0.01123695
2038,1534141188,6428.01,0.06673813
2039,1534141188,6428.01,0.02239462
2040,1534141188,6428.01,0.17803759
2041,1534141188,6428.0,0.08030768
2042,1534141188,6428.0,0.0125
2043,1534141188,6428.0,0.00996875
2044,1534141189,6439.04,0.01900384
2045,1534141189,6439.04,0.01172836
2046,1534141190,6439.72,0.63936392
2047,1534141191,6439.04,0.9692678
2048,1534141192,6425.01,0.0389212
2049,1534141192,6432.1,1.0
2050,1534141192,6433.03,0.01548205
2051,1534141193,6432.2,1.0
2052,1534141193,6432.2,0.3293
2053,1534141193,6429.78,0.46888957
2054,1534141194,6430.0,0.53111043
2055,1534141194,6428.02,1.0
2056,1534141194,6430.46,0.6707
2057,1534141194,6433.03,0.94741156
2058,1534141195,6438.69,0.3
2059,1534141195,6438.69,0.16888957
2060,1534141195,6438.69,0.03889235
2061,1534141195,6438.69,0.19900652
2062,1534141196,6425.11,1.0
2063,1534141197,6435.0,1.0
2064,1534141197,6436.16,1.47333125
2065,1534141198,6425.11,1.00015362
2066,1534141198,6425.16,0.92996836
2067,1534141198,6427.74,0.01551957
2068,1534141200,6425.12,0.03897326
2069,1534141200,6425.11,0.33114638
2070,1534141205,6426.83,0.05
2071,1534141206,6426.43,0.01552339
2072,1534141206,6425.29,0.00310492
2073,1534141206,6415.08,0.1557269
2074,1534141206,6415.08,0.01808099
2075,1534141207,6414.85,0.3
2076,1534141210,6422.29,1.3
2077,1534141210,6415.0,1.0
2078,1534141210,6414.85,0.0056328
2079,1534141211,6413.52,0.4986252
2080,1534141213,6418.29,0.01554308
2081,1534141214,6418.29,0.3077
2082,1534141216,6418.29,0.03895125
2083,1534141217,6418.28,0.71570048
2084,1534141217,6424.88,0.0685917
2085,1534141220,6419.04,1.29661409
2086,1534141220,6419.04,0.00338591
2087,1534141220,6421.66,0.13125516
2088,1534141221,6426.83,0.01552242
2089,1534141221,6421.66,0.03895894
2090,1534141221,6421.66,0.07007875
2091,1534141222,6421.66,0.055322
2092,1534141222,6421.66,1.0
2093,1534141226,6421.66,0.00438515
2094,1534141226,6421.69,0.95009564
2095,1534141227,6421.71,0.03895894
2096,1534141227,6421.71,0.10225095
2097,1534141228,6421.72,0.00393
2098,1534141228,6421.72,0.01553477
2099,1534141230,6418.35,0.3279
2100,1534141230,6418.35,0.37719883
2101,1534141230,6418.35,0.29677142
2102,1534141230,6418.35,0.03102975
2103,1534141231,6417.66,1.9671
2104,1534141233,6415.68,0.985
2105,1534141234,6415.68,0.015
2106,1534141236,6410.0,0.01556318
2107,1534141238,6412.66,0.88773523
2108,1534141238,6414.81,1.0
2109,1534141238,6415.0,0.95665591
2110,1534141238,6415.0,1.0
2111,1534141239,6415.0,0.9314083
2112,1534141239,6415.0,5.22420056
2113,1534141241,6411.24,1.3
2114,1534141241,6411.23,0.038971
2115,1534141243,6411.23,0.59056773
2116,1534141243,6411.24,0.70943227
2117,1534141244,6411.23,0.01556019
2118,1534141247,6408.8,1.0
2119,1534141247,6408.8,0.3
2120,1534141247,6408.69,0.01826966
2121,1534141247,6408.69,0.15494434
2122,1534141249,6407.15,0.00136585
2123,1534141249,6407.15,0.09852255
2124,1534141250,6405.09,0.12375
2125,1534141251,6404.6,0.01557628
2126,1534141252,6398.52,1.0
2127,1534141253,6390.0,1.0
2128,1534141253,6387.91,0.00123037
2129,1534141254,6386.51,0.12375
2130,1534141254,6385.0,0.018
2131,1534141254,6385.0,1.0
2132,1534141254,6384.74,0.1980852
2133,1534141255,6384.74,1.5
2134,1534141255,6384.74,1.6743668
2135,1534141257,6389.37,0.0928
2136,1534141258,6389.37,0.98452139
2137,1534141258,6389.37,0.28429952
2138,1534141259,6390.26,0.0928
2139,1534141259,6389.37,1.4072
2140,1534141259,6391.15,0.01560046
2141,1534141261,6393.27,1.0
2142,1534141261,6393.04,0.92
2143,1534141262,6393.04,0.08
2144,1534141262,6394.69,0.24
2145,1534141266,6393.27,0.153214
2146,1534141266,6391.76,3.0
2147,1534141267,6393.04,0.01560446
2148,1534141269,6394.47,1.38292239
2149,1534141270,6391.76,0.1214
2150,1534141270,6391.76,0.3786
2151,1534141270,6394.47,2.74206555
2152,1534141270,6394.68,0.0390018
2153,1534141270,6392.09,1.1214
2154,1534141271,6390.41,1.0
2155,1534141271,6389.67,1.0
2156,1534141271,6388.38,1.0
2157,1534141271,6387.94,3.0
2158,1534141271,6385.47,0.05679922
2159,1534141272,6394.44,0.3
2160,1534141272,6395.05,2.287418
2161,1534141273,6398.0,0.94
2162,1534141276,6401.94,0.94
2163,1534141276,6403.65,0.52
2164,1534141276,6407.57,0.5400148
2165,1534141278,6399.54,0.00164852
2166,1534141278,6399.54,1.49835148
2167,1534141289,6401.58,0.01558365
2168,1534141290,6402.35,0.02
2169,1534141290,6402.46,1.0
2170,1534141290,6402.69,0.196
2171,1534141291,6400.83,0.78627316
2172,1534141291,6400.83,0.21372684
2173,1534141294,6400.0,1.0
2174,1534141297,6401.3,0.01558433
2175,1534141301,6398.93,0.0155901
2176,1534141302,6396.84,0.03901315
2177,1534141302,6399.12,0.09976
2178,1534141304,6397.98,0.01559242
2179,1534141308,6399.11,0.03906793
2180,1534141312,6400.91,0.01558528
2181,1534141314,6402.7,0.0311777
2182,1534141314,6402.7,0.1288223
2183,1534141316,6404.59,0.44
2184,1534141316,6406.92,0.56
2185,1534141317,6406.92,0.21460325
2186,1534141320,6406.92,0.01557066
2187,1534141327,6410.31,0.01556242
2188,1534141331,6408.19,0.06667304
2189,1534141338,6409.51,0.01556437
2190,1534141338,6409.51,0.10869832
2191,1534141338,6410.49,0.47298235
2192,1534141338,6411.18,1.0
2193,1534141339,6414.61,0.41837808
2194,1534141340,6410.88,0.0389961
2195,1534141342,6409.84,0.01556344
2196,1534141343,6409.74,0.0389
2197,1534141350,6408.69,0.00846194
2198,1534141353,6406.33,0.4881
2199,1534141357,6406.34,0.4599852
2200,1534141358,6406.34,0.0400148
2201,1534141358,6406.34,0.00846349
2202,1534141359,6406.33,1.765e-05
2203,1534141360,6406.33,0.03898464
2204,1534141391,6405.08,0.004
2205,1534141402,6405.5,0.01557255
2206,1534141402,6405.08,0.001
2207,1534141403,6405.5,0.01977479
2208,1534141409,6405.08,0.03400964
2209,1534141419,6401.17,0.01372679
2210,1534141428,6401.16,0.03400964
2211,1534141436,6401.16,0.00219381
2212,1534141452,6401.15,0.5
2213,1534141456,6401.15,0.00162079
2214,1534141482,6401.32,0.03621193
2215,1534141483,6401.32,0.45135447
2216,1534141483,6402.95,0.02
2217,1534141485,6401.15,0.08837921
2218,1534141489,6400.28,0.0624712
2219,1534141501,6400.27,0.03906085
2220,1534141523,6401.24,0.001
2221,1534141523,6401.24,0.03804549
2222,1534141523,6401.24,0.90020151
2223,1534141532,6401.23,0.05
2224,1534141539,6398.61,0.03904786
2225,1534141557,6402.69,0.08837921
2226,1534141558,6400.81,0.11491179
2227,1534141565,6402.7,0.2
2228,1534141568,6405.45,0.07976374
2229,1534141571,6405.35,0.843
2230,1534141572,6405.35,0.00117122
2231,1534141573,6405.35,0.77323626
2232,1534141573,6405.45,0.77323626
2233,1534141573,6406.63,1.0
2234,1534141573,6409.11,0.0916787
2235,1534141573,6409.24,0.55
2236,1534141573,6411.69,0.48412509
2237,1534141589,6411.49,0.2
2238,1534141592,6411.49,0.47
2239,1534141592,6411.74,0.53
2240,1534141592,6411.74,1.0
2241,1534141592,6411.74,1.0
2242,1534141592,6411.74,0.146
2243,1534141594,6419.14,0.1
2244,1534141595,6424.33,1.0
2245,1534141595,6426.54,3.0
2246,1534141597,6423.21,0.17948469
2247,1534141597,6425.36,1.84348469
2248,1534141598,6425.36,0.01552909
2249,1534141600,6425.36,0.80498622
2250,1534141602,6425.37,0.44821176
2251,1534141602,6425.37,0.55178824
2252,1534141603,6426.33,1.0
2253,1534141603,6427.07,0.9999404
2254,1534141604,6425.38,0.13058095
2255,1534141604,6425.38,0.19501378
2256,1534141607,6425.3,0.038878
2257,1534141609,6423.12,1.0
2258,1534141610,6423.11,0.0644
2259,1534141610,6420.01,1.0
2260,1534141611,6418.85,0.84980287
2261,1534141611,6422.25,1.0
2262,1534141611,6418.85,0.65019713
2263,1534141611,6418.76,0.4356881
2264,1534141615,6415.31,0.579
2265,1534141619,6415.06,0.5643119
2266,1534141619,6415.06,0.25319798
2267,1534141627,6408.65,0.5
2268,1534141635,6410.76,0.03892196
2269,1534141636,6413.37,0.01555812
2270,1534141639,6410.76,0.1
2271,1534141663,6412.31,0.0378972
2272,1534141664,6412.31,0.00102339
2273,1534141664,6410.76,0.00031066
2274,1534141667,6410.76,0.0419958
2275,1534141672,6413.41,0.05054721
2276,1534141683,6405.32,1.0
2277,1534141693,6408.15,0.00168361
2278,1534141757,6410.0,0.0728
2279,1534141765,6411.28,0.04230646
2280,1534141767,6411.5,0.03896405
2281,1534141767,6411.51,0.00796815
2282,1534141770,6406.83,0.0131
2283,1534141774,6406.77,0.08
2284,1534141781,6408.18,0.8
2285,1534141783,6408.17,0.12463771
2286,1534141812,6408.9,0.00936
2287,1534141826,6413.48,0.81816348
2288,1534141838,6413.48,0.00144889
2289,1534141874,6413.49,0.03750735
2290,1534141875,6413.49,2.43559265
2291,1534141875,6413.49,5.396e-05
2292,1534141875,6412.22,2.99994604
2293,1534141877,6411.49,0.77813737
2294,1534141890,6406.05,1.0
2295,1534141895,6406.23,0.02
2296,1534141906,6406.09,0.03897244
2297,1534141914,6406.1,0.03896765
2298,1534141922,6406.11,0.00443638
2299,1534141923,6402.88,0.0341
2300,1534141927,6402.88,0.3993537
2301,1534141940,6397.77,1.0
2302,1534141966,6397.07,0.09066849
2303,1534141966,6396.06,0.00933151
2304,1534141966,6398.89,0.03900381
2305,1534141968,6399.74,0.45334244
2306,1534141969,6399.74,0.41433863
2307,1534141976,6399.74,0.29431893
2308,1534141976,6401.98,1.70565281
2309,1534141982,6399.1,0.02
2310,1534142027,6400.5,0.001
2311,1534142044,6402.54,0.03
2312,1534142047,6402.54,0.001
2313,1534142055,6402.55,0.00342783
2314,1534142078,6402.55,0.01143609
2315,1534142081,6404.69,0.02377929
2316,1534142082,6403.96,0.0241214
2317,1534142083,6403.96,0.52631195
2318,1534142083,6403.96,2.53886665
2319,1534142092,6402.62,0.03903396
2320,1534142145,6400.9,0.052594
2321,1534142153,6402.63,0.0211041
2322,1534142153,6402.63,0.05703307
2323,1534142181,6403.15,0.95668562
2324,1534142182,6403.15,0.05
2325,1534142183,6403.15,0.91882894
2326,1534142196,6406.99,0.03899801
2327,1534142200,6408.1,0.05
2328,1534142207,6403.23,0.0143821
2329,1534142217,6405.99,0.03903323
2330,1534142219,6409.11,0.01096677
2331,1534142232,6406.04,0.03903334
2332,1534142247,6409.16,0.03901556
2333,1534142248,6409.17,0.01098444
2334,1534142248,6404.3,0.02
2335,1534142263,6411.75,0.00162223
2336,1534142265,6412.37,0.55
2337,1534142269,6411.76,0.03899852
2338,1534142273,6411.76,2.03899852
2339,1534142273,6411.76,1.10916242
2340,1534142273,6410.09,1.0
2341,1534142273,6410.09,1.0
2342,1534142274,6409.95,1.0
2343,1534142294,6411.0,0.00105
2344,1534142307,6411.0,0.01
2345,1534142356,6411.74,0.01903333
2346,1534142368,6413.49,0.001
2347,1534142368,6413.49,0.00836
2348,1534142368,6414.62,0.0199619
2349,1534142384,6417.7,1.0
2350,1534142384,6418.39,0.99997716
2351,1534142386,6415.64,0.03898115
2352,1534142388,6413.79,0.00861791
2353,1534142394,6415.97,0.03896527
2354,1534142402,6414.34,0.1
2355,1534142433,6415.96,0.03896523
2356,1534142455,6416.83,0.02407431
2357,1534142475,6414.54,0.00263066
2358,1534142504,6414.54,0.00126701
2359,1534142519,6414.55,1.95069648
2360,1534142519,6413.98,0.35717564
2361,1534142519,6413.33,1.0
2362,1534142519,6412.59,1.0
2363,1534142519,6412.46,1.19212788
2364,1534142562,6412.93,0.00196776
2365,1534142579,6419.88,0.03896041
2366,1534142585,6418.83,0.00157792
2367,1534142592,6420.0,0.01
2368,1534142612,6418.76,0.03896686
2369,1534142626,6418.91,0.03894742
2370,1534142626,6421.13,1.0
2371,1534142628,6421.48,1.0
2372,1534142629,6421.48,1.0
2373,1534142629,6421.49,0.05899199
2374,1534142642,6424.04,0.043894
2375,1534142644,6424.03,0.009657
2376,1534142649,6422.5,0.00899199
2377,1534142657,6422.85,0.0014925
2378,1534142694,6424.21,0.96609955
2379,1534142694,6424.1,0.02995818
2380,1534142694,6424.01,0.08754189
2381,1534142703,6422.39,0.4
2382,1534142705,6423.99,2.85219701
2383,1534142706,6425.36,0.03889301
2384,1534142707,6426.79,0.07780299
2385,1534142709,6427.9,0.03905337
2386,1534142711,6425.08,0.08579102
2387,1534142718,6427.9,0.06069663
2388,1534142718,6428.22,0.0586
2389,1534142724,6432.29,0.12375
2390,1534142724,6432.29,1.0
2391,1534142725,6432.29,0.00920886
2392,1534142726,6430.0,1.0
2393,1534142726,6430.0,1.0
2394,1534142728,6429.53,1.0
2395,1534142728,6429.52,0.02059051
2396,1534142728,6428.22,0.11929663
2397,1534142728,6428.22,0.11929663
2398,1534142728,6425.11,0.74081623
2399,1534142743,6428.16,0.03884477
2400,1534142745,6425.06,1.0
2401,1534142745,6425.06,0.07780299
2402,1534142745,6425.01,0.54
2403,1534142745,6422.43,1.0
2404,1534142745,6422.43,1.34335224
2405,1534142759,6420.73,1.0
2406,1534142760,6420.73,0.65131898
2407,1534142761,6420.08,0.01196388
2408,1534142761,6420.08,1.0
2409,1534142761,6420.02,1.0
2410,1534142761,6420.01,0.33671714
2411,1534142764,6424.47,0.00282027
2412,1534142772,6421.89,0.229
2413,1534142772,6421.89,0.016
2414,1534142774,6421.89,0.00423298
2415,1534142775,6418.72,0.001
2416,1534142777,6420.98,0.12097355
2417,1534142777,6420.98,0.07094968
2418,1534142777,6420.98,0.11096629
2419,1534142778,6420.98,0.14071013
2420,1534142780,6419.8,0.01499867
2421,1534142780,6419.8,0.00992797
2422,1534142784,6418.74,0.02867727
2423,1534142789,6418.74,0.0027286
2424,1534142795,6415.87,0.01475785
2425,1534142797,6417.99,0.01445931
2426,1534142805,6416.37,0.10482789
2427,1534142805,6416.37,1.0
2428,1534142806,6416.37,0.23852435
2429,1534142807,6416.37,0.76147565
2430,1534142807,6417.12,0.03889337
2431,1534142826,6417.95,0.03888794
2432,1534142833,6419.43,0.04342
2433,1534142858,6417.94,0.01176635
2434,1534142866,6417.93,0.03894002
2435,1534142868,6415.28,0.001
2436,1534142896,6417.92,0.00388599
2437,1534142901,6416.11,0.03895189
2438,1534142903,6416.11,0.01182319
2439,1534142909,6412.45,0.12375
2440,1534142942,6408.79,0.09986284
2441,1534142956,6409.14,0.001
2442,1534142965,6410.59,0.01647539
2443,1534142974,6410.58,0.03895489
2444,1534142974,6411.28,0.02341793
2445,1534143004,6410.44,0.00593
2446,1534143031,6413.06,0.03893934
2447,1534143033,6413.06,0.23668
2448,1534143047,6414.6,0.009135
2449,1534143049,6414.05,0.71802227
2450,1534143107,6417.94,0.009135
2451,1534143111,6418.59,0.02983859
2452,1534143113,6419.62,0.00901143
2453,1534143123,6419.62,0.016578
2454,1534143149,6419.59,0.21926203
2455,1534143157,6418.61,0.04806972
2456,1534143158,6418.61,0.00121364
2457,1534143183,6420.18,0.03893934
2458,1534143183,6420.18,0.037281
2459,1534143183,6418.62,0.1
2460,1534143184,6420.18,0.13881473
2461,1534143191,6418.73,0.1
2462,1534143194,6420.17,0.03107705
2463,1534143198,6418.73,0.1
2464,1534143206,6420.89,0.1
2465,1534143211,6420.9,0.00110201
2466,1534143213,6420.9,0.03003191
2467,1534143213,6420.9,0.06996809
2468,1534143221,6420.88,0.1
2469,1534143229,6420.88,0.1
2470,1534143236,6420.88,0.1
2471,1534143243,6420.44,0.1
2472,1534143250,6418.61,0.001
2473,1534143251,6418.61,0.1
2474,1534143258,6420.53,0.022149
2475,1534143258,6418.61,0.1
2476,1534143261,6418.61,1.0
2477,1534143261,6418.61,0.799
2478,1534143267,6418.61,0.1
2479,1534143274,6416.53,0.02219465
2480,1534143274,6416.52,0.07780535
2481,1534143282,6416.52,0.1
2482,1534143283,6418.58,0.03894936
2483,1534143291,6416.61,0.1
2484,1534143293,6416.61,0.05
2485,1534143298,6416.61,0.1
2486,1534143314,6416.61,0.1
2487,1534143319,6416.61,0.00149755
2488,1534143328,6416.61,0.1
2489,1534143335,6416.61,0.0694001
2490,1534143347,6417.62,0.03894936
2491,1534143348,6418.58,3.0
2492,1534143353,6418.58,0.01647539
2493,1534143353,6416.72,0.48352461
2494,1534143367,6418.73,0.00294831
2495,1534143371,6418.73,0.0359349
2496,1534143422,6421.69,0.007419
2497,1534143426,6418.73,0.0084
2498,1534143429,6417.0,5.0
2499,1534143429,6413.65,0.04007843
2500,1534143430,6418.68,0.009039
2501,1534143433,6418.74,3.0
2502,1534143433,6419.34,0.57653
2503,1534143575,6412.74,2.0
2504,1534143581,6413.04,0.001
2505,1534143605,6413.3,0.00212475
2506,1534143620,6414.05,0.001
2507,1534143630,6414.05,0.001
2508,1534143668,6413.3,0.01
2509,1534143668,6414.05,0.03692129
2510,1534143678,6415.77,0.03891047
2511,1534143707,6418.67,0.03895883
2512,1534143723,6420.75,0.001
2513,1534143724,6420.75,0.55
2514,1534143728,6420.76,0.03894541
2515,1534143743,6421.3,0.69957525
2516,1534143743,6421.3,0.34942475
2517,1534143771,6418.6,0.010633
2518,1534143778,6418.6,1.0
2519,1534143779,6418.6,0.5
2520,1534143963,6419.05,0.08498
2521,1534143969,6418.27,1.0
2522,1534143969,6419.04,0.03893171
2523,1534143969,6419.05,0.91502
2524,1534143969,6419.36,0.1526651
2525,1534143993,6417.22,0.0389436
2526,1534144128,6417.98,0.03894736
2527,1534144148,6417.98,0.0171833
2528,1534144242,6415.63,0.03896102
2529,1534144242,6415.0,1.0
2530,1534144262,6417.93,0.01
2531,1534144286,6417.91,0.05
2532,1534144396,6413.47,0.01026433
2533,1534144420,6410.71,1.0
2534,1534144421,6410.7,1.0
2535,1534144421,6410.0,0.07123321
2536,1534144436,6408.85,0.23995883
2537,1534144446,6409.9,0.02895337
2538,1534144465,6408.89,0.03897245
2539,1534144465,6408.89,0.20095602
2540,1534144482,6408.89,0.01026433
2541,1534144483,6408.89,0.84722116
2542,1534144483,6408.89,2.54573319
2543,1534144483,6408.89,1.69814565
2544,1534144502,6405.58,0.027063
2545,1534144519,6405.57,0.01569676
2546,1534144519,6405.57,0.00778541
2547,1534144527,6405.57,0.8512
2548,1534144530,6405.98,1.83685371
2549,1534144531,6405.98,1.0
2550,1534144531,6405.98,1.0
2551,1534144547,6406.54,0.02
2552,1534144548,6406.55,1.56512438
2553,1534144549,6406.55,2.43959179
2554,1534144603,6409.89,1.12097
2555,1534144620,6406.64,0.02710023
2556,1534144657,6407.96,0.03900783
2557,1534144670,6408.91,0.00149755
2558,1534144670,6408.09,1.0
2559,1534144686,6408.09,0.03896488
2560,1534144700,6406.64,1.0
2561,1534144706,6402.63,0.05
2562,1534144710,6402.19,0.1959404
2563,1534144721,6402.2,0.37129251
2564,1534144728,6402.21,0.00429791
2565,1534144735,6402.2,4.19453163
2566,1534144735,6400.9,0.447406
2567,1534144736,6400.0,0.01
2568,1534144736,6396.53,0.025
2569,1534144737,6396.01,0.517594
2570,1534144748,6400.05,0.0008
2571,1534144749,6400.05,0.447406
2572,1534144753,6400.05,0.17992918
2573,1534144756,6400.05,1.0
2574,1534144756,6400.05,1.0
2575,1534144759,6400.05,1.29941107
2576,1534144810,6402.38,0.03900393
2577,1534144810,6402.39,0.09631019
2578,1534144812,6402.41,0.00926288
2579,1534144841,6402.38,0.45029145
2580,1534144842,6402.38,0.1470315
2581,1534144850,6402.41,0.00343818
2582,1534144903,6400.39,0.2692337
2583,1534144909,6399.19,0.03902374
2584,1534144916,6400.38,0.03906018
2585,1534144919,6399.18,0.01
2586,1534144922,6400.39,0.020122
2587,1534144941,6397.86,0.015
2588,1534144942,6400.67,0.10331843
2589,1534144945,6400.67,1.53630176
2590,1534144946,6400.67,3.8219914
2591,1534144953,6400.72,0.3711476
2592,1534144953,6400.72,0.84762139
2593,1534144967,6400.72,0.00160484
2594,1534144978,6399.81,0.10685981
2595,1534144982,6400.72,0.10344
2596,1534144983,6401.43,0.57324178
2597,1534144983,6401.43,0.03902374
2598,1534144993,6401.43,0.05561062
2599,1534144999,6401.43,0.001
2600,1534145043,6401.43,0.01749
2601,1534145045,6401.43,0.087414
2602,1534145046,6401.43,0.174914
2603,1534145047,6401.43,0.01574
2604,1534145049,6401.43,0.017501
2605,1534145051,6401.43,0.069823
2606,1534145069,6401.43,0.02411493
2607,1534145072,6401.43,0.005727
2608,1534145075,6401.43,0.01099647
2609,1534145128,6401.43,1.3178
2610,1534145136,6401.43,5.616e-05
2611,1534145138,6403.03,2.46911186
2612,1534145138,6403.03,2.20604401
2613,1534145140,6405.01,0.1103022
2614,1534145143,6405.02,3.0
2615,1534145143,6405.02,1.96039427
2616,1534145156,6406.83,0.03902025
2617,1534145159,6406.84,0.03902025
2618,1534145196,6406.94,0.11064
2619,1534145224,6408.12,0.02661459
2620,1534145283,6411.54,0.00551511
2621,1534145283,6412.28,0.01191089
2622,1534145283,6409.1,0.5
2623,1534145299,6412.28,0.00079222
2624,1534145312,6410.7,0.03060391
2625,1534145314,6410.7,0.00118401
2626,1534145329,6411.04,0.007
2627,1534145333,6413.93,0.05043309
2628,1534145364,6414.77,1.0
2629,1534145364,6415.23,0.00940201
2630,1534145364,6415.45,0.51996181
2631,1534145368,6412.62,0.01092223
2632,1534145370,6414.79,0.0267
2633,1534145376,6412.64,0.02804916
2634,1534145376,6412.63,0.1803104
2635,1534145396,6412.07,0.03897317
2636,1534145396,6412.09,0.45329443
2637,1534145402,6410.67,0.009997
2638,1534145403,6409.6,0.03894948
2639,1534145403,6409.6,0.01202798
2640,1534145406,6409.6,0.00355595
2641,1534145409,6409.6,0.00991629
2642,1534145415,6409.61,0.01569676
2643,1534145438,6411.04,0.00508341
2644,1534145462,6409.66,0.0056816
2645,1534145469,6411.45,0.00987656
2646,1534145481,6409.66,0.235014
2647,1534145481,6411.45,0.02911618
2648,1534145483,6411.46,0.04478387
2649,1534145492,6411.79,0.01380686
2650,1534145494,6412.61,0.00174967
2651,1534145532,6412.84,0.01703768
2652,1534145536,6414.26,0.16292262
2653,1534145540,6414.27,0.08690284
2654,1534145541,6415.62,0.00814613
2655,1534145542,6415.62,0.00999485
2656,1534145546,6416.69,0.01308467
2657,1534145553,6416.7,0.02066981
2658,1534145556,6416.7,0.02335183
2659,1534145556,6416.7,0.03072614
2660,1534145560,6416.7,0.00776227
2661,1534145560,6416.7,0.03537905
2662,1534145562,6418.01,1.5
2663,1534145562,6418.16,0.02788702
2664,1534145562,6418.16,0.02941158
2665,1534145577,6418.04,0.00915321
2666,1534145580,6418.04,0.00465365
2667,1534145580,6418.04,0.00534047
2668,1534145583,6419.22,0.021059
2669,1534145584,6418.04,1.82291136
2670,1534145584,6418.04,1.95902082
2671,1534145584,6418.04,0.00360767
2672,1534145584,6418.04,0.50420404
2673,1534145584,6418.01,0.222
2674,1534145584,6417.17,1.2327606
2675,1534145585,6417.17,0.88950147
2676,1534145589,6417.17,0.12021358
2677,1534145594,6417.17,0.07437793
2678,1534145597,6417.18,0.02114582
2679,1534145602,6417.17,0.05468789
2680,1534145621,6416.7,0.00343818
2681,1534145663,6414.47,0.0019225
2682,1534145713,6416.87,0.0389609
2683,1534145713,6416.88,0.705031
2684,1534145713,6417.69,0.81550488
2685,1534145713,6414.49,0.01510834
2686,1534145742,6415.76,0.014644
2687,1534145742,6415.51,0.03890739
2688,1534145742,6415.51,0.20770095
2689,1534145746,6415.51,0.03739442
2690,1534145746,6415.51,0.05228346
2691,1534145746,6415.51,0.20266167
2692,1534145747,6415.51,0.05886188
2693,1534145747,6415.51,0.17739066
2694,1534145790,6415.51,0.03594675
2695,1534145811,6415.51,0.00105292
2696,1534145847,6416.27,0.03895392
2697,1534145849,6415.51,0.00167241
2698,1534145856,6416.28,0.00185924
2699,1534145870,6416.29,0.0273143
2700,1534145873,6416.42,0.40553512
2701,1534145880,6419.06,0.3444354
2702,1534145893,6417.63,0.01173357
2703,1534145893,6417.63,0.98826643
2704,1534145900,6419.06,1.0
2705,1534145900,6419.06,1.0
2706,1534145901,6419.06,1.0
2707,1534145901,6419.06,0.97870931
2708,1534145902,6421.62,3.0
2709,1534145902,6421.63,0.61789069
2710,1534145964,6421.61,0.03893105
2711,1534146007,6423.97,0.00310492
2712,1534146008,6424.48,0.01246208
2713,1534146008,6423.97,0.01505227
2714,1534146011,6423.98,0.03881886
2715,1534146034,6424.0,0.00544208
2716,1534146047,6424.0,0.00455792
2717,1534146109,6424.0,0.00183792
2718,1534146114,6424.47,0.03891372
2719,1534146114,6424.48,0.1619946
2720,1534146115,6424.48,0.12554332
2721,1534146121,6427.45,0.056
2722,1534146121,6429.06,0.061
2723,1534146121,6429.82,0.12375
2724,1534146122,6430.67,0.052
2725,1534146122,6432.28,0.058
2726,1534146123,6433.89,0.057
2727,1534146123,6431.77,0.12375
2728,1534146124,6434.11,1.353
2729,1534146124,6434.67,1.831
2730,1534146125,6435.5,0.06
2731,1534146127,6434.66,0.01209138
2732,1534146127,6434.66,1.48790862
2733,1534146128,6434.85,1.0
2734,1534146128,6436.63,0.04337678
2735,1534146130,6434.85,4.98310981
2736,1534146130,6434.85,0.01209019
2737,1534146131,6434.87,1.0
2738,1534146131,6434.86,0.98790981
2739,1534146132,6436.63,1.45662322
2740,1534146133,6436.63,1.5
2741,1534146134,6437.38,1.0
2742,1534146134,6437.59,0.0011021
2743,1534146134,6437.59,1.5
2744,1534146134,6437.59,3.0
2745,1534146134,6438.24,1.0
2746,1534146134,6438.9,0.54227468
2747,1534146135,6434.13,0.03884004
2748,1534146136,6434.13,1.0
2749,1534146138,6434.13,0.46115996
2750,1534146141,6434.12,1.5
2751,1534146148,6432.78,1.1061477
2752,1534146150,6430.81,3.0
2753,1534146150,6430.0,1.0
2754,1534146150,6429.95,3.0
2755,1534146150,6427.65,1.0
2756,1534146150,6426.92,0.8938523
2757,1534146155,6427.21,0.02804093
2758,1534146157,6428.81,0.0555167
2759,1534146167,6427.82,0.46115996
2760,1534146168,6427.82,0.03887765
2761,1534146169,6428.81,0.9444833
2762,1534146169,6430.44,1.5
2763,1534146169,6430.76,0.63110098
2764,1534146169,6432.05,3.0
2765,1534146169,6432.78,1.0
2766,1534146169,6432.78,0.45772532
2767,1534146170,6433.96,1.5
2768,1534146170,6434.13,0.46665279
2769,1534146171,6427.83,3.0
2770,1534146171,6427.83,3.0
2771,1534146172,6427.83,0.46665279
2772,1534146172,6427.83,3.0
2773,1534146173,6427.83,0.53334721
2774,1534146222,6431.51,3.0
2775,1534146222,6431.51,3.0
2776,1534146222,6431.51,3.0
2777,1534146222,6431.51,1.0
2778,1534146224,6428.21,3.0
2779,1534146224,6428.21,3.0
2780,1534146224,6428.2,0.03889103
2781,1534146224,6427.37,1.0
2782,1534146224,6426.45,2.96110897
2783,1534146225,6426.46,0.01396233
2784,1534146250,6430.95,0.03887451
2785,1534146250,6430.95,0.96112549
2786,1534146252,6426.45,0.03887451
2787,1534146268,6427.23,0.0388969
2788,1534146268,6427.23,1.9611031
2789,1534146268,6429.99,0.03887451
2790,1534146270,6430.96,2.239e-05
2791,1534146280,6426.28,0.001
2792,1534146280,6431.2,0.01464914
2793,1534146286,6431.17,0.03887299
2794,1534146287,6431.17,2.96112701
2795,1534146289,6425.32,0.03887299
2796,1534146301,6431.19,3.0
2797,1534146301,6431.19,1.0
2798,1534146303,6426.02,3.0
2799,1534146304,6431.18,0.015549
2800,1534146321,6431.18,3.0
2801,1534146321,6431.18,2.0
2802,1534146321,6428.81,1.0
2803,1534146322,6428.81,1.3
2804,1534146322,6428.81,0.5
2805,1534146322,6428.81,0.2
2806,1534146330,6428.83,0.00946592
2807,1534146334,6431.18,0.06219698
2808,1534146376,6429.18,0.05519085
2809,1534146378,6431.18,0.06219698
2810,1534146385,6431.18,0.06219698
2811,1534146392,6431.18,0.06219698
2812,1534146394,6431.18,2.2450592
2813,1534146394,6431.18,7.7549408
2814,1534146395,6431.18,1.3
2815,1534146395,6431.18,0.5
2816,1534146395,6431.18,0.4450592
2817,1534146401,6431.52,0.00933
2818,1534146401,6431.83,0.025
2819,1534146401,6433.44,0.021
2820,1534146409,6433.49,0.05533
2821,1534146435,6434.13,0.00933
2822,1534146438,6433.7,0.04402458
2823,1534146440,6433.69,1.3
2824,1534146440,6433.69,0.5
2825,1534146440,6433.5,8.15597542
2826,1534146442,6435.04,0.99067
2827,1534146443,6435.04,0.03884986
2828,1534146447,6435.09,1.0
2829,1534146448,6435.09,0.03884986
2830,1534146465,6435.27,0.00169952
2831,1534146474,6435.79,1.0
2832,1534146488,6435.91,0.5
2833,1534146496,6435.97,0.00119878
2834,1534146505,6436.03,0.5
2835,1534146516,6436.09,1.3
2836,1534146517,6436.05,0.5
2837,1534146517,6436.04,0.03886224
2838,1534146517,6434.13,0.001
2839,1534146517,6433.5,1.84402458
2840,1534146517,6429.57,1.5
2841,1534146517,6436.14,1.3
2842,1534146518,6436.1,0.5
2843,1534146518,6434.54,1.3
2844,1534146519,6434.04,1.3
2845,1534146524,6432.72,0.5
2846,1534146524,6432.72,1.3
2847,1534146524,6425.0,1.0
2848,1534146524,6423.6,0.54
2849,1534146525,6423.48,0.3
2850,1534146525,6421.01,1.5
2851,1534146525,6421.0,10.0
2852,1534146525,6420.44,0.85865889
2853,1534146525,6432.72,0.44134111
2854,1534146526,6432.72,0.5
2855,1534146526,6421.09,0.571
2856,1534146527,6420.44,1.3
2857,1534146528,6420.44,1.3
2858,1534146529,6421.77,0.3135
2859,1534146531,6423.51,0.03891953
2860,1534146533,6420.57,1.5
2861,1534146533,6420.49,1.3
2862,1534146536,6425.55,0.32559019
2863,1534146545,6426.83,0.94134111
2864,1534146546,6427.83,0.059
2865,1534146546,6427.83,0.90208047
2866,1534146558,6426.54,0.00177897
2867,1534146560,6426.54,0.00079222
2868,1534146565,6426.6,1.3
2869,1534146565,6426.56,0.5
2870,1534146565,6426.55,0.03890102
2871,1534146566,6426.55,0.06109898
2872,1534146566,6426.65,1.0
2873,1534146587,6426.61,0.1
2874,1534146594,6426.61,0.1
2875,1534146595,6428.36,0.0388863
2876,1534146597,6428.37,0.10852648
2877,1534146597,6428.36,1.3
2878,1534146597,6428.36,0.5
2879,1534146598,6428.36,1.3
2880,1534146598,6428.36,0.5
2881,1534146598,6428.36,1.3
2882,1534146599,6427.0,5.1
2883,1534146599,6428.36,0.11688
2884,1534146599,6428.36,0.14820384
2885,1534146604,6427.05,0.01179
2886,1534146608,6427.07,0.1
2887,1534146615,6427.13,0.1
2888,1534146654,6427.43,0.00172258
2889,1534146659,6427.49,0.81183181
2890,1534146662,6427.55,0.1
2891,1534146687,6427.87,0.00172174
2892,1534146690,6427.87,1.29827826
2893,1534146690,6427.83,0.5
2894,1534146690,6427.82,0.03888868
2895,1534146690,6427.0,4.9
2896,1534146691,6427.92,0.1
2897,1534146691,6426.71,0.5
2898,1534146691,6421.98,1.3
2899,1534146692,6421.98,1.3
2900,1534146692,6421.98,0.5
2901,1534146693,6421.03,0.7349978
2902,1534146698,6423.68,0.1
2903,1534146731,6424.56,0.00274712
2904,1534146757,6424.61,1.3
2905,1534146757,6424.61,0.5
2906,1534146758,6424.61,0.2
2907,1534146759,6424.66,0.00159111
2908,1534146762,6427.55,0.009
2909,1534146782,6426.0,10.0
2910,1534146794,6426.05,0.5
2911,1534146798,6426.05,0.00158853
2912,1534146801,6427.55,0.01273653
2913,1534146812,6427.55,0.01714989
2914,1534146812,6427.55,0.09137659
2915,1534146815,6426.3,0.5
2916,1534146815,6426.3,0.2788147
2917,1534146842,6428.98,0.078436
2918,1534146856,6427.56,0.00162621
2919,1534146872,6428.0,10.0
2920,1534146909,6429.0,10.0
2921,1534146926,6427.56,0.00163784
2922,1534146928,6429.0,10.0
2923,1534146936,6427.56,0.0356231
2924,1534146936,6427.55,0.1
2925,1534146963,6427.29,0.03889549
2926,1534146963,6427.3,0.20512551
2927,1534146970,6422.66,0.03892303
2928,1534146970,6422.65,0.61697697
2929,1534146971,6422.65,0.38302303
2930,1534146971,6421.89,0.11697697
2931,1534146987,6425.34,0.03890845
2932,1534146989,6426.51,0.11697697
2933,1534146989,6427.2,0.1416511
2934,1534147004,6428.77,0.1416511
2935,1534147004,6428.77,0.3983489
2936,1534147011,6424.66,0.0156984
2937,1534147048,6429.78,0.049
2938,1534147049,6430.14,0.411
2939,1534147049,6430.14,0.129
2940,1534147049,6430.15,0.871
2941,1534147052,6431.39,0.056
2942,1534147074,6430.18,0.00515232
2943,1534147088,6430.18,0.0014064
2944,1534147106,6432.18,0.05471272
2945,1534147126,6430.18,0.00105
2946,1534147142,6430.18,0.01564216
2947,1534147142,6430.17,0.15915784
2948,1534147163,6430.17,0.03887922
2949,1534147163,6430.18,0.35
2950,1534147164,6432.52,0.88302304
2951,1534147169,6433.83,0.01472839
2952,1534147183,6432.63,0.001
2953,1534147186,6432.63,0.03780848
2954,1534147186,6432.62,0.25862807
2955,1534147186,6432.19,0.36156345
2956,1534147192,6438.18,0.99871271
2957,1534147193,6438.18,0.50128729
2958,1534147195,6438.26,0.0388367
2959,1534147205,6438.39,0.01308523
2960,1534147209,6438.27,0.00395
2961,1534147211,6438.27,0.02184704
2962,1534147211,6438.26,0.02815296
2963,1534147231,6432.18,0.01624886
2964,1534147237,6435.45,0.03882247
2965,1534147252,6437.73,0.07359892
2966,1534147263,6437.72,0.0640657
2967,1534147285,6437.38,0.38030534
2968,1534147294,6435.76,0.00310112
2969,1534147303,6440.0,0.058
2970,1534147303,6440.0,0.01
2971,1534147304,6440.8,0.932
2972,1534147304,6440.8,1.0
2973,1534147304,6440.8,2.21865312
2974,1534147305,6440.8,3.0
2975,1534147305,6440.8,0.41934688
2976,1534147326,6441.29,1.0
2977,1534147326,6440.99,0.03874264
2978,1534147331,6441.12,0.001
2979,1534147334,6442.84,0.46470345
2980,1534147345,6444.78,0.03879819
2981,1534147346,6445.32,0.03589365
2982,1534147367,6442.01,0.00163122
2983,1534147391,6443.1,0.43726225
2984,1534147391,6443.1,0.00273775
2985,1534147398,6442.02,0.7097168
2986,1534147403,6446.53,0.00735015
2987,1534147409,6443.77,0.04645417
2988,1534147430,6442.02,0.01624886
2989,1534147438,6442.01,0.03718971
2990,1534147439,6442.0,0.1
2991,1534147443,6440.48,0.113224
2992,1534147443,6440.48,0.06373291
2993,1534147451,6437.68,0.00162182
2994,1534147459,6439.12,0.03881704
2995,1534147487,6440.48,0.1
2996,1534147497,6443.0,0.1
2997,1534147497,6443.51,1.0
2998,1534147499,6441.29,0.27121683
2999,1534147499,6441.28,0.12023293
3000,1534147499,6440.49,0.81755024
3001,1534147500,6441.28,0.36629219
3002,1534147509,6441.61,0.4
3003,1534147525,6445.49,1.0
3004,1534147526,6445.49,0.0156952
3005,1534147526,6445.49,0.9640508
3006,1534147526,6445.49,1.66663927
3007,1534147528,6448.0,0.05
3008,1534147528,6448.0,0.95
3009,1534147528,6448.48,0.05
3010,1534147528,6449.05,0.0371
3011,1534147528,6449.05,0.9629
3012,1534147529,6450.0,0.0668
3013,1534147529,6450.0,0.0203
3014,1534147530,6450.0,3.248e-05
3015,1534147530,6453.91,0.00123037
3016,1534147531,6450.96,0.18231926
3017,1534147537,6456.22,1.0
3018,1534147537,6456.97,0.99998995
3019,1534147538,6458.05,0.00911597
3020,1534147540,6456.33,1.0
3021,1534147540,6460.0,0.018
3022,1534147540,6461.42,12.46523128
3023,1534147540,6462.12,56.17748441
3024,1534147541,6456.62,1.0
3025,1534147543,6462.12,2.26659156
3026,1534147543,6462.12,0.00340844
3027,1534147544,6462.41,0.985349
3028,1534147544,6464.0,1.0
3029,1534147544,6464.0,0.03642721
3030,1534147544,6464.48,0.185349
3031,1534147546,6462.95,0.02659156
3032,1534147546,6464.48,0.014651
3033,1534147546,6464.68,0.00123038
3034,1534147547,6462.41,0.0014387
3035,1534147548,6466.34,1.98
3036,1534147552,6469.13,0.15436387
3037,1534147553,6466.34,0.9987
3038,1534147553,6466.35,1.0
3039,1534147553,6466.34,3.715e-05
3040,1534147553,6466.34,0.99873715
3041,1534147554,6464.69,1.0
3042,1534147554,6464.68,0.01588138
3043,1534147554,6464.68,0.01588138
3044,1534147554,6464.68,0.01588138
3045,1534147554,6463.7,1.5
3046,1534147554,6463.26,0.03866619
3047,1534147554,6462.52,1.0
3048,1534147555,6460.38,0.32385664
3049,1534147557,6462.44,1.5
3050,1534147558,6464.69,0.9919
3051,1534147558,6464.69,0.48808995
3052,1534147562,6460.0,0.060673
3053,1534147563,6460.0,0.23842626
3054,1534147583,6456.47,0.03872079
3055,1534147584,6452.42,0.00137958
3056,1534147598,6457.2,1.2676
3057,1534147598,6463.41,1.0
3058,1534147599,6464.07,0.3
3059,1534147600,6462.76,0.01466246
3060,1534147605,6458.44,0.9986
3061,1534147605,6458.93,0.26243229
3062,1534147618,6454.48,0.03873268
3063,1534147622,6454.62,0.005024
3064,1534147622,6451.15,0.5
3065,1534147637,6452.75,1.0
3066,1534147640,6452.4,0.26126732
3067,1534147641,6453.9,0.0054
3068,1534147648,6452.35,0.007749
3069,1534147649,6451.31,0.03873201
3070,1534147649,6454.15,0.16126799
3071,1534147660,6451.0,0.05755575
3072,1534147674,6451.06,0.00312275
3073,1534147692,6451.09,0.03873296
3074,1534147692,6446.85,0.16248296
3075,1534147693,6446.85,0.83611704
3076,1534147693,6445.21,0.12375
3077,1534147693,6445.0,0.79878408
3078,1534147693,6445.21,0.04013296
3079,1534147693,6446.09,0.95986704
3080,1534147694,6445.0,0.04013296
3081,1534147694,6445.0,0.95986704
3082,1534147706,6447.46,0.03874689
3083,1534147719,6450.38,0.03874689
3084,1534147719,6450.38,0.10816228
3085,1534147720,6446.11,0.0012139
3086,1534147745,6446.11,0.03754125
3087,1534147745,6446.1,0.16629199
