time,price,amount
2018-08-27 11:39:25,6671.94,0.043
2018-08-27 11:39:25,6673.61,0.0359821
2018-08-27 11:40:33,6673.61,1.79e-05
2018-08-27 11:40:39,6675.09,0.39995788
2018-08-27 11:40:39,6675.09,4.212e-05
2018-08-27 11:40:39,6675.28,0.048
2018-08-27 11:40:39,6676.22,0.21723125
2018-08-27 11:41:34,6676.95,0.036
2018-08-27 11:41:35,6678.43,0.10590063
2018-08-27 11:43:20,6675.9,0.30982069
2018-08-27 11:45:33,6678.62,0.038
2018-08-27 11:45:34,6678.62,0.012
2018-08-27 11:46:17,6679.45,0.04965528
2018-08-27 11:46:40,6676.63,0.36737693
2018-08-27 11:47:09,6676.71,0.01
2018-08-27 11:47:50,6679.45,0.02364743
2018-08-27 11:48:34,6679.45,0.2
2018-08-27 11:48:35,6679.45,0.00186692
2018-08-27 11:48:49,6679.45,0.02319356
2018-08-27 11:49:25,6679.45,0.00566843
2018-08-27 11:49:25,6679.45,0.21449667
2018-08-27 11:49:25,6679.99,0.00202056
2018-08-27 11:49:26,6679.99,0.00127243
2018-08-27 11:49:26,6679.99,0.00261939
2018-08-27 11:49:26,6679.99,0.00142191
2018-08-27 11:49:26,6679.99,0.00291916
2018-08-27 11:49:26,6679.99,0.00202078
2018-08-27 11:49:26,6679.99,0.00276945
2018-08-27 11:49:26,6679.99,0.0023201
2018-08-27 11:49:26,6679.99,0.00142214
2018-08-27 11:49:26,6679.99,0.001422
2018-08-27 11:49:26,6680.29,0.049
2018-08-27 11:49:26,6680.6,0.01841983
2018-08-27 11:49:46,6680.6,0.0120558
2018-08-27 11:49:53,6680.2,0.002245
2018-08-27 11:50:07,6677.62,0.5
2018-08-27 11:50:07,6677.62,1.11
2018-08-27 11:50:07,6677.62,0.03741601
2018-08-27 11:50:08,6675.16,0.35264831
2018-08-27 11:50:16,6675.83,0.5
2018-08-27 11:50:26,6675.84,0.5
2018-08-27 11:50:27,6674.29,0.5
2018-08-27 11:50:30,6671.7,1.11
2018-08-27 11:50:30,6671.69,0.00125138
2018-08-27 11:50:31,6670.11,0.88878172
2018-08-27 11:50:31,6671.7,0.22121828
2018-08-27 11:50:31,6671.7,0.0188944
2018-08-27 11:50:32,6670.02,1.11
2018-08-27 11:50:32,6670.02,0.39004795
2018-08-27 11:50:32,6670.02,0.02315714
2018-08-27 11:50:39,6671.7,0.00796121
2018-08-27 11:51:09,6672.47,0.01046412
2018-08-27 11:51:29,6672.96,0.03747177
2018-08-27 11:52:41,6674.96,0.03
2018-08-27 11:52:45,6676.59,0.0992
2018-08-27 11:52:56,6676.63,0.01320849
2018-08-27 11:53:15,6676.63,0.00907228
2018-08-27 11:53:49,6676.62,0.04787172
2018-08-27 11:53:55,6673.13,0.5
2018-08-27 11:53:58,6676.53,0.2
2018-08-27 11:54:43,6674.83,0.46252823
2018-08-27 11:54:43,6673.28,0.07800988
2018-08-27 11:54:45,6671.77,0.01047531
2018-08-27 11:54:45,6671.77,0.00138953
2018-08-27 11:54:50,6670.26,0.0292974
2018-08-27 11:54:50,6670.26,0.03943576
2018-08-27 11:54:53,6670.25,0.49998126
2018-08-27 11:54:59,6670.25,1.874e-05
2018-08-27 11:54:59,6669.69,0.96246393
2018-08-27 11:55:03,6670.25,0.45212828
2018-08-27 11:55:07,6670.25,0.04787172
2018-08-27 11:55:07,6669.69,5.768e-05
2018-08-27 11:55:08,6670.25,0.0479294
2018-08-27 11:55:08,6670.25,0.0479294
2018-08-27 11:55:09,6670.25,0.35758712
2018-08-27 11:55:09,6670.25,0.04655408
2018-08-27 11:55:10,6670.25,0.4520706
2018-08-27 11:55:10,6670.25,0.0479294
2018-08-27 11:55:13,6670.25,0.01811662
2018-08-27 11:55:15,6670.24,0.18065305
2018-08-27 11:55:21,6666.01,0.5
2018-08-27 11:55:22,6666.01,0.5
2018-08-27 11:55:29,6669.18,0.0994635
2018-08-27 11:55:35,6666.02,0.2720833
2018-08-27 11:56:13,6669.86,0.022369
2018-08-27 11:56:40,6666.11,0.00190139
2018-08-27 11:56:59,6666.08,0.02247292
2018-08-27 11:56:59,6666.0,0.05553695
2018-08-27 11:57:02,6666.0,0.2444
2018-08-27 11:57:02,6666.0,6.305e-05
2018-08-27 11:57:14,6664.09,0.00504545
2018-08-27 11:57:16,6661.34,0.5
2018-08-27 11:57:16,6661.34,0.11825854
2018-08-27 11:57:16,6661.35,0.38174146
2018-08-27 11:57:40,6661.47,0.03752233
2018-08-27 11:57:42,6661.48,0.11661805
2018-08-27 11:57:46,6661.48,0.03746927
2018-08-27 11:57:54,6661.48,0.23127885
2018-08-27 11:58:01,6664.27,0.17081307
2018-08-27 11:58:01,6664.27,0.08925459
2018-08-27 11:58:04,6664.84,0.028
2018-08-27 11:58:04,6666.2,0.031
2018-08-27 11:58:04,6666.2,0.076
2018-08-27 11:58:04,6666.5,0.031
2018-08-27 11:58:06,6665.07,1.0
2018-08-27 11:58:06,6664.35,1.0
2018-08-27 11:58:07,6667.87,0.111
2018-08-27 11:58:07,6667.98,0.859
2018-08-27 11:58:08,6667.98,0.0568463
2018-08-27 11:58:15,6668.16,0.026
2018-08-27 11:58:18,6669.54,0.102
2018-08-27 11:58:18,6669.82,0.031
2018-08-27 11:58:18,6670.83,0.06752188
2018-08-27 11:58:19,6670.83,0.25591542
2018-08-27 11:58:20,6671.21,0.078
2018-08-27 11:58:20,6671.48,0.028
2018-08-27 11:58:25,6672.88,0.00155538
2018-08-27 11:58:30,6668.16,0.026
2018-08-27 11:58:30,6668.16,0.01149424
2018-08-27 11:58:46,6669.97,0.03747793
2018-08-27 11:59:49,6666.39,0.001416
2018-08-27 12:00:06,6661.52,0.01945599
2018-08-27 12:00:11,6669.05,0.00141601
2018-08-27 12:01:33,6658.1,0.5
2018-08-27 12:01:34,6656.62,0.5
2018-08-27 12:01:34,6658.09,0.49999999
2018-08-27 12:01:37,6655.52,0.5
2018-08-27 12:01:37,6655.51,0.51034939
2018-08-27 12:01:38,6651.16,0.668
2018-08-27 12:01:38,6650.45,0.0992
2018-08-27 12:01:38,6650.0,0.15018121
2018-08-27 12:01:39,6651.16,0.5
2018-08-27 12:01:39,6646.51,0.00118061
2018-08-27 12:01:39,6645.62,0.0090285
2018-08-27 12:01:39,6645.0,0.5403
2018-08-27 12:01:39,6643.87,0.03
2018-08-27 12:01:39,6643.87,1.5
2018-08-27 12:01:39,6643.41,0.03011522
2018-08-27 12:01:39,6641.35,12.55
2018-08-27 12:01:40,6641.35,0.0992
2018-08-27 12:01:41,6645.12,0.25
2018-08-27 12:01:41,6651.15,0.5
2018-08-27 12:01:48,6649.66,0.00144389
2018-08-27 12:01:53,6651.03,1.5
2018-08-27 12:01:53,6649.9,0.28511894
2018-08-27 12:01:59,6661.27,0.0992
2018-08-27 12:01:59,6661.27,0.3
2018-08-27 12:02:00,6661.27,0.02556513
2018-08-27 12:02:00,6661.27,0.00505785
2018-08-27 12:02:04,6661.27,0.57017702
2018-08-27 12:02:04,6661.27,0.19273738
2018-08-27 12:02:08,6659.04,0.055
2018-08-27 12:02:09,6659.53,0.067
2018-08-27 12:02:34,6660.31,0.00190728
2018-08-27 12:02:34,6661.18,0.03746514
2018-08-27 12:02:34,6661.19,0.07
2018-08-27 12:02:34,6662.48,0.122
2018-08-27 12:02:35,6662.83,0.26862758
2018-08-27 12:02:36,6659.69,0.00166743
2018-08-27 12:02:38,6659.69,0.03466637
2018-08-27 12:02:47,6659.7,0.00181669
2018-08-27 12:03:11,6661.72,0.00155173
2018-08-27 12:03:12,6661.73,0.00748892
2018-08-27 12:03:27,6656.0,0.03568469
2018-08-27 12:04:17,6654.83,0.03756292
2018-08-27 12:04:17,6655.01,0.96243708
2018-08-27 12:04:18,6654.83,0.03756292
2018-08-27 12:04:19,6654.82,1.0
2018-08-27 12:04:19,6654.82,0.013
2018-08-27 12:04:20,6654.82,0.03706943
2018-08-27 12:04:20,6657.08,0.013
2018-08-27 12:04:35,6658.74,0.014
2018-08-27 12:04:37,6660.4,0.0022746
2018-08-27 12:04:49,6660.4,0.00172734
2018-08-27 12:05:08,6660.4,0.01399806
2018-08-27 12:05:18,6661.34,0.04
2018-08-27 12:05:39,6663.0,0.034
2018-08-27 12:05:53,6664.66,0.00112089
2018-08-27 12:06:13,6664.66,0.00208957
2018-08-27 12:06:24,6661.34,0.0375145
2018-08-27 12:06:27,6660.35,0.009747
2018-08-27 12:06:49,6660.22,2.2528
2018-08-27 12:06:49,6660.34,0.00131765
2018-08-27 12:07:48,6660.93,0.00151513
2018-08-27 12:07:52,6660.93,0.01998902
2018-08-27 12:08:11,6660.99,0.00127578
2018-08-27 12:08:11,6661.69,2.5755
2018-08-27 12:08:21,6661.99,0.00142556
2018-08-27 12:09:11,6662.99,0.001
2018-08-27 12:09:22,6660.55,0.02157151
2018-08-27 12:09:50,6655.99,0.00277913
2018-08-27 12:09:50,6655.99,0.00097656
2018-08-27 12:09:59,6653.88,0.3
2018-08-27 12:09:59,6653.88,0.66431531
2018-08-27 12:10:12,6653.97,0.02194566
2018-08-27 12:10:36,6656.15,0.03750617
2018-08-27 12:10:39,6656.99,0.00157721
2018-08-27 12:10:39,6656.99,0.00292882
2018-08-27 12:10:39,6657.53,0.97549397
2018-08-27 12:10:41,6656.99,1.29
2018-08-27 12:10:41,6658.75,0.018
2018-08-27 12:10:42,6658.99,0.00127614
2018-08-27 12:10:42,6658.99,0.00097603
2018-08-27 12:10:42,6658.99,0.00187699
2018-08-27 12:10:42,6658.99,0.00112622
2018-08-27 12:10:42,6658.99,0.00172692
2018-08-27 12:10:42,6658.99,0.00262799
2018-08-27 12:10:42,6659.99,0.00277761
2018-08-27 12:10:42,6660.41,0.018
2018-08-27 12:10:42,6662.07,0.018
2018-08-27 12:10:44,6663.73,0.001
2018-08-27 12:11:08,6663.73,0.017
2018-08-27 12:11:09,6663.73,0.74713807
2018-08-27 12:11:09,6663.99,0.00277574
2018-08-27 12:11:09,6663.99,0.00292589
2018-08-27 12:11:09,6664.99,0.00547617
2018-08-27 12:11:09,6665.39,0.018
2018-08-27 12:11:09,6665.99,0.0024752
2018-08-27 12:11:09,6665.99,0.00097506
2018-08-27 12:11:10,6665.99,0.00262497
2018-08-27 12:11:10,6665.99,0.00097467
2018-08-27 12:11:10,6665.99,0.00202487
2018-08-27 12:11:10,6665.99,0.00232522
2018-08-27 12:11:11,6667.05,0.018
2018-08-27 12:11:11,6667.05,0.026
2018-08-27 12:11:15,6667.99,0.0015743
2018-08-27 12:11:15,6667.99,0.00142445
2018-08-27 12:11:15,6667.99,0.00277428
2018-08-27 12:11:15,6667.99,0.00097465
2018-08-27 12:11:15,6668.71,0.014
2018-08-27 12:11:16,6668.72,0.019
2018-08-27 12:11:20,6668.99,0.00157432
2018-08-27 12:11:20,6668.99,0.00292395
2018-08-27 12:11:20,6670.39,0.019
2018-08-27 12:11:40,6670.99,0.00172386
2018-08-27 12:11:40,6670.99,0.00232313
2018-08-27 12:11:40,6670.99,0.00202356
2018-08-27 12:11:41,6670.99,0.00097415
2018-08-27 12:11:41,6670.99,0.00187367
2018-08-27 12:11:41,6670.99,0.0017237
2018-08-27 12:11:41,6670.99,0.00232333
2018-08-27 12:11:47,6672.06,0.02444208
2018-08-27 12:11:57,6668.34,0.01
2018-08-27 12:11:59,6670.31,0.004748
2018-08-27 12:12:01,6670.3,0.03746239
2018-08-27 12:12:20,6670.98,0.001539
2018-08-27 12:12:27,6670.31,0.03741668
2018-08-27 12:12:40,6670.54,0.09244638
2018-08-27 12:12:41,6670.29,0.50951907
2018-08-27 12:12:41,6670.29,0.01742478
2018-08-27 12:12:43,6670.29,6.356e-05
2018-08-27 12:13:39,6670.28,0.02647567
2018-08-27 12:13:39,6670.28,0.87009123
2018-08-27 12:13:39,6669.93,0.02568469
2018-08-27 12:13:39,6668.62,4.852e-05
2018-08-27 12:14:14,6670.49,0.5
2018-08-27 12:16:11,6670.99,0.00247322
2018-08-27 12:16:12,6672.06,0.00055792
2018-08-27 12:16:12,6672.68,0.03740265
2018-08-27 12:16:12,6672.99,0.00097404
2018-08-27 12:16:12,6672.99,0.0026225
2018-08-27 12:16:12,6672.99,0.00292215
2018-08-27 12:16:12,6672.99,0.00097406
2018-08-27 12:16:12,6672.99,0.00112365
2018-08-27 12:16:12,6672.99,0.00097373
2018-08-27 12:16:12,6672.99,0.00172292
2018-08-27 12:16:12,6672.99,0.00172317
2018-08-27 12:16:12,6672.99,0.00112371
2018-08-27 12:16:13,6673.73,0.027
2018-08-27 12:16:13,6675.4,0.024
2018-08-27 12:16:27,6675.99,0.0018722
2018-08-27 12:16:27,6677.07,0.027
2018-08-27 12:16:27,6677.99,0.0008218
2018-08-27 12:16:37,6677.61,0.55090765
2018-08-27 12:16:45,6677.61,0.44909235
2018-08-27 12:16:45,6675.5,2.043e-05
2018-08-27 12:17:03,6675.82,0.03744753
2018-08-27 12:17:14,6675.81,0.13263
2018-08-27 12:17:39,6675.81,0.03742689
2018-08-27 12:18:42,6677.27,0.00197601
2018-08-27 12:18:47,6677.28,0.07095853
2018-08-27 12:19:00,6677.28,0.0374194
2018-08-27 12:19:07,6677.27,0.8279671
2018-08-27 12:19:07,6675.01,6.591e-05
2018-08-27 12:19:09,6669.46,0.5
2018-08-27 12:19:09,6669.46,0.35412172
2018-08-27 12:19:21,6668.68,0.0399563
2018-08-27 12:19:56,6671.29,0.54894714
2018-08-27 12:19:58,6670.23,0.31
2018-08-27 12:20:15,6673.52,1.59116371
2018-08-27 12:20:15,6673.52,0.40883629
2018-08-27 12:20:19,6669.38,1.11
2018-08-27 12:20:19,6669.38,0.5
2018-08-27 12:20:19,6669.38,0.49114451
2018-08-27 12:21:20,6674.0,0.05435271
2018-08-27 12:21:46,6673.99,0.03745885
2018-08-27 12:22:25,6675.32,0.03745129
2018-08-27 12:23:03,6675.32,0.005146
2018-08-27 12:24:13,6675.32,0.03230539
2018-08-27 12:24:22,6675.32,0.06769461
2018-08-27 12:25:14,6675.33,0.002
2018-08-27 12:25:16,6674.74,0.03745454
2018-08-27 12:27:16,6673.45,0.03746188
2018-08-27 12:27:18,6673.49,0.02329052
2018-08-27 12:27:45,6673.49,0.00849636
2018-08-27 12:27:48,6673.49,0.00849776
2018-08-27 12:28:35,6674.87,0.03745381
2018-08-27 12:29:02,6674.87,0.02
2018-08-27 12:29:35,6675.16,0.005314
2018-08-27 12:29:54,6674.67,0.02
2018-08-27 12:30:17,6674.67,0.01561575
2018-08-27 12:30:41,6672.68,0.03746621
2018-08-27 12:30:54,6672.68,0.01499
2018-08-27 12:31:08,6672.68,0.94754379
2018-08-27 12:31:09,6672.0,5.148e-05
2018-08-27 12:31:28,6672.68,0.49994905
2018-08-27 12:31:32,6672.68,0.50005095
2018-08-27 12:31:33,6672.0,0.49994852
2018-08-27 12:31:33,6669.37,4.849e-05
2018-08-27 12:31:42,6672.68,1.0
2018-08-27 12:31:42,6669.37,4.796e-05
2018-08-27 12:31:46,6672.68,0.78079572
2018-08-27 12:32:15,6670.08,0.01
2018-08-27 12:32:15,6670.08,0.03748071
2018-08-27 12:32:15,6670.08,0.01
2018-08-27 12:32:16,6670.08,0.01
2018-08-27 12:32:16,6670.08,0.01
2018-08-27 12:32:16,6670.08,0.01
2018-08-27 12:32:26,6670.07,0.7808014
2018-08-27 12:32:33,6670.08,0.05660484
2018-08-27 12:33:30,6671.18,0.99997302
2018-08-27 12:34:19,6669.86,0.03745633
2018-08-27 12:34:21,6669.86,0.88749984
2018-08-27 12:34:21,6669.33,0.03740713
2018-08-27 12:34:33,6672.21,0.07504383
2018-08-27 12:34:34,6672.21,0.07504383
2018-08-27 12:34:34,6672.21,0.07504383
2018-08-27 12:34:34,6672.21,0.07504383
2018-08-27 12:34:34,6672.21,0.07504383
2018-08-27 12:34:34,6672.21,0.07504383
2018-08-27 12:34:34,6672.21,0.07504383
2018-08-27 12:34:34,6672.21,0.07504383
2018-08-27 12:34:34,6672.21,0.99914936
2018-08-27 12:35:12,6673.79,0.03743449
2018-08-27 12:35:53,6673.53,0.03760934
2018-08-27 12:35:55,6674.6,0.03745403
2018-08-27 12:35:55,6674.7,0.01630764
2018-08-27 12:35:55,6676.2,0.43059057
2018-08-27 12:36:36,6673.74,0.013301
2018-08-27 12:37:43,6676.95,0.03548027
2018-08-27 12:39:32,6676.99,0.00097323
2018-08-27 12:39:32,6676.99,0.00157232
2018-08-27 12:39:32,6676.99,0.00247085
2018-08-27 12:39:32,6676.99,0.00097319
2018-08-27 12:39:32,6676.99,0.00232115
2018-08-27 12:39:32,6676.99,0.00232104
2018-08-27 12:39:32,6676.99,0.00292016
2018-08-27 12:39:33,6676.99,0.00292026
2018-08-27 12:39:33,6676.99,0.00217148
2018-08-27 12:39:33,6676.99,0.0011232
2018-08-27 12:39:39,6676.99,0.01767355
2018-08-27 12:39:41,6676.98,0.98232645
2018-08-27 12:39:53,6674.7,1.0
2018-08-27 12:40:33,6674.7,1.0
2018-08-27 12:40:34,6675.79,0.0206755
2018-08-27 12:40:41,6674.7,1.0
2018-08-27 12:41:44,6675.32,0.03743569
2018-08-27 12:41:46,6675.33,0.2756766
2018-08-27 12:42:15,6673.64,0.03744579
2018-08-27 12:42:15,6673.63,0.24545829
2018-08-27 12:42:16,6673.63,0.49568226
2018-08-27 12:42:22,6673.63,0.01387514
2018-08-27 12:42:25,6673.63,0.02350552
2018-08-27 12:42:25,6670.28,0.01380551
2018-08-27 12:43:11,6668.54,0.821
2018-08-27 12:43:15,6666.86,0.00695233
2018-08-27 12:43:28,6666.85,0.00107743
2018-08-27 12:43:29,6666.85,0.03637401
2018-08-27 12:43:29,6668.09,4.06343415
2018-08-27 12:44:31,6668.08,0.19401413
2018-08-27 12:44:40,6668.81,1.85525698
2018-08-27 12:45:39,6669.61,0.02537248
2018-08-27 12:46:57,6670.33,0.013
2018-08-27 12:46:57,6670.43,0.01601132
2018-08-27 12:46:58,6670.97,0.10843864
2018-08-27 12:47:03,6670.1,0.01631187
2018-08-27 12:48:04,6671.48,0.00313337
2018-08-27 12:48:43,6671.39,0.00608469
2018-08-27 12:48:54,6669.96,0.7995
2018-08-27 12:48:56,6672.0,0.015
2018-08-27 12:48:57,6673.04,0.05329866
2018-08-27 12:49:02,6673.67,0.00298935
2018-08-27 12:49:20,6672.0,0.015
2018-08-27 12:49:20,6672.0,0.015
2018-08-27 12:49:21,6672.0,0.02318661
2018-08-27 12:49:35,6673.67,0.01101065
2018-08-27 12:49:46,6675.12,0.01132357
2018-08-27 12:49:53,6674.75,0.00266494
2018-08-27 12:49:53,6675.12,0.00959473
2018-08-27 12:49:56,6675.12,0.00265901
2018-08-27 12:50:05,6675.33,0.00903082
2018-08-27 12:50:09,6675.3,0.008069
2018-08-27 12:50:09,6675.3,0.00587961
2018-08-27 12:50:48,6675.3,0.01394861
2018-08-27 12:50:48,6675.33,0.08321139
2018-08-27 12:50:58,6675.33,0.001
2018-08-27 12:51:02,6675.33,0.0011
2018-08-27 12:51:02,6672.97,0.0011
2018-08-27 12:51:03,6672.97,0.03631669
2018-08-27 12:51:03,6672.77,0.36368331
2018-08-27 12:51:07,6675.33,0.01005899
2018-08-27 12:51:08,6672.77,0.2
2018-08-27 12:51:09,6672.77,0.001
2018-08-27 12:51:22,6675.32,0.03745139
2018-08-27 12:51:22,6675.33,0.16754192
2018-08-27 12:52:05,6674.98,0.04986668
2018-08-27 12:52:07,6673.58,0.03746105
2018-08-27 12:52:08,6673.58,0.00587977
2018-08-27 12:52:08,6672.77,0.00587985
2018-08-27 12:52:20,6672.77,0.03158128
2018-08-27 12:52:21,6673.75,0.02287127
2018-08-27 12:54:29,6671.57,0.00213358
2018-08-27 12:54:36,6673.74,0.03745335
2018-08-27 12:54:36,6673.75,0.12
2018-08-27 12:55:39,6674.98,0.004744
2018-08-27 12:55:45,6674.98,0.03744717
2018-08-27 12:57:23,6673.5,0.00159886
2018-08-27 12:58:09,6667.44,0.818
2018-08-27 13:00:17,6670.47,0.03745335
2018-08-27 13:00:19,6672.57,0.52195932
2018-08-27 13:01:59,6669.74,0.80521801
2018-08-27 13:05:35,6669.74,0.19706994
2018-08-27 13:05:35,6671.15,0.19204506
2018-08-27 13:06:00,6669.23,0.03746009
2018-08-27 13:06:38,6666.81,0.004946
2018-08-27 13:07:25,6666.81,0.004545
2018-08-27 13:07:52,6664.14,0.007277
2018-08-27 13:09:19,6668.52,0.03747446
2018-08-27 13:09:19,6668.53,0.31408586
2018-08-27 13:09:29,6669.06,0.9
2018-08-27 13:09:30,6669.06,0.00460941
2018-08-27 13:12:01,6668.54,0.03747442
2018-08-27 13:12:01,6668.54,0.16252558
2018-08-27 13:12:02,6670.54,0.16656
2018-08-27 13:14:29,6671.21,0.00226153
2018-08-27 13:14:29,6673.99,0.00202248
2018-08-27 13:14:29,6673.99,0.001723
2018-08-27 13:14:29,6673.99,0.00172308
2018-08-27 13:14:29,6673.99,0.00097355
2018-08-27 13:14:29,6673.99,0.00292171
2018-08-27 13:14:29,6673.99,0.00277181
2018-08-27 13:14:29,6673.99,0.00172306
2018-08-27 13:14:29,6673.99,0.0042702
2018-08-27 13:14:29,6673.99,0.00112376
2018-08-27 13:14:29,6673.99,0.00097371
2018-08-27 13:14:30,6674.33,0.03747828
2018-08-27 13:14:30,6675.33,3.72805688
2018-08-27 13:14:31,6675.58,0.84818309
2018-08-27 13:14:31,6675.17,0.6499061
2018-08-27 13:14:33,6675.99,0.00097346
2018-08-27 13:14:33,6676.24,0.04308202
2018-08-27 13:14:41,6672.89,0.0021541
2018-08-27 13:15:45,6675.99,0.00202188
2018-08-27 13:15:45,6675.99,0.00232133
2018-08-27 13:15:45,6675.99,0.00127289
2018-08-27 13:15:45,6675.99,6.096e-05
2018-08-27 13:16:19,6675.99,0.00241036
2018-08-27 13:16:19,6675.99,0.00097343
2018-08-27 13:16:19,6675.99,0.00112309
2018-08-27 13:16:19,6675.99,0.00097348
2018-08-27 13:16:26,6676.99,0.00262059
2018-08-27 13:16:26,6676.99,0.00396866
2018-08-27 13:16:26,6677.99,0.00097295
2018-08-27 13:16:26,6677.99,0.00262037
2018-08-27 13:16:26,6677.99,0.00157225
2018-08-27 13:16:48,6678.0,0.03531295
2018-08-27 13:16:48,6677.76,0.1601104
2018-08-27 13:17:07,6678.63,0.001504
2018-08-27 13:17:28,6678.68,0.11314142
2018-08-27 13:17:33,6678.99,0.00112258
2018-08-27 13:17:33,6678.99,0.00262006
2018-08-27 13:17:33,6678.99,0.00217059
2018-08-27 13:17:33,6678.99,0.0027695
2018-08-27 13:17:33,6679.99,0.00112261
2018-08-27 13:17:33,6679.99,0.00366732
2018-08-27 13:17:33,6679.99,0.00246973
2018-08-27 13:17:33,6679.99,0.00097274
2018-08-27 13:17:33,6679.99,0.00546394
2018-08-27 13:17:33,6681.6,0.03741238
2018-08-27 13:17:33,6681.99,0.0009725
2018-08-27 13:17:34,6682.99,0.00547728
2018-08-27 13:17:55,6682.99,0.00576053
2018-08-27 13:17:55,6683.0,0.99423947
2018-08-27 13:17:56,6682.99,0.00127313
2018-08-27 13:18:09,6682.99,0.00119552
2018-08-27 13:18:09,6683.0,0.51555935
2018-08-27 13:18:12,6683.99,0.00246818
2018-08-27 13:18:12,6683.99,0.00231887
2018-08-27 13:18:12,6683.99,0.00021995
2018-08-27 13:18:17,6683.99,0.00179979
2018-08-27 13:18:17,6683.99,0.00097242
2018-08-27 13:18:17,6683.99,0.00097236
2018-08-27 13:18:17,6683.99,0.00186989
2018-08-27 13:18:17,6683.99,0.00261812
2018-08-27 13:18:17,6683.99,0.00246844
2018-08-27 13:18:18,6683.99,0.00097234
2018-08-27 13:18:18,6684.51,0.23637
2018-08-27 13:18:18,6685.0,1.0
2018-08-27 13:18:19,6685.0,0.89320118
2018-08-27 13:18:25,6685.0,0.04293194
2018-08-27 13:18:32,6685.01,0.00172734
2018-08-27 13:18:38,6685.01,0.03565774
2018-08-27 13:18:38,6685.01,0.12290597
2018-08-27 13:18:41,6685.01,0.03570043
2018-08-27 13:18:41,6685.0,3.03e-05
2018-08-27 13:18:41,6678.86,2.09e-05
2018-08-27 13:19:23,6684.69,0.0018599
2018-08-27 13:19:38,6687.97,0.0373971
2018-08-27 13:19:38,6688.0,0.962582
2018-08-27 13:19:39,6688.0,0.75367613
2018-08-27 13:19:42,6689.0,0.37096595
2018-08-27 13:19:52,6688.01,0.00100665
2018-08-27 13:19:57,6688.01,0.003369
2018-08-27 13:20:15,6689.0,0.04820451
2018-08-27 13:20:24,6689.0,0.005
2018-08-27 13:20:25,6689.0,0.05597554
2018-08-27 13:20:25,6690.0,1.44402446
2018-08-27 13:20:25,6690.0,1.5
2018-08-27 13:20:28,6690.0,5.0
2018-08-27 13:20:28,6690.0,0.00658925
2018-08-27 13:20:28,6690.0,1.0
2018-08-27 13:20:29,6690.0,0.86876867
2018-08-27 13:20:29,6690.0,0.1806
2018-08-27 13:20:30,6690.0,1.762e-05
2018-08-27 13:20:33,6692.99,0.00395914
2018-08-27 13:20:33,6692.99,0.00291338
2018-08-27 13:20:33,6692.99,0.00261435
2018-08-27 13:20:33,6692.99,0.00276379
2018-08-27 13:20:33,6692.99,0.00171802
2018-08-27 13:20:33,6692.99,0.00201662
2018-08-27 13:20:33,6692.99,0.00186746
2018-08-27 13:20:33,6692.99,0.0012699
2018-08-27 13:20:33,6692.99,0.00156859
2018-08-27 13:20:34,6692.99,0.00291338
2018-08-27 13:20:34,6693.0,0.02222171
2018-08-27 13:20:34,6695.0,4.95417366
2018-08-27 13:20:38,6695.0,0.7
2018-08-27 13:20:48,6693.13,0.34898237
2018-08-27 13:20:55,6690.47,0.03301183
2018-08-27 13:20:55,6691.55,1.0
2018-08-27 13:20:56,6690.47,0.01793595
2018-08-27 13:20:56,6689.41,0.98206405
2018-08-27 13:20:56,6689.43,0.96698817
2018-08-27 13:20:58,6689.43,0.48501183
2018-08-27 13:20:58,6689.1,0.51498817
2018-08-27 13:20:58,6689.1,1.0
2018-08-27 13:20:58,6689.1,0.48501183
2018-08-27 13:21:00,6689.1,0.51498817
2018-08-27 13:21:01,6690.79,1.48501183
2018-08-27 13:21:12,6687.23,0.002661
2018-08-27 13:21:15,6687.24,1.99997952
2018-08-27 13:21:15,6688.65,0.03736452
2018-08-27 13:21:43,6694.91,0.0021225
2018-08-27 13:21:43,6691.55,1.0
2018-08-27 13:21:43,6687.35,1.5
2018-08-27 13:21:43,6687.33,2.2376
2018-08-27 13:21:43,6687.24,0.03736963
2018-08-27 13:21:43,6687.23,0.997339
2018-08-27 13:21:43,6686.54,1.0
2018-08-27 13:21:44,6686.37,0.02769137
2018-08-27 13:21:50,6689.31,0.00120639
2018-08-27 13:22:01,6691.56,0.0373605
2018-08-27 13:22:01,6691.57,0.01842594
2018-08-27 13:22:12,6695.0,1.0
2018-08-27 13:22:24,6695.0,0.1519868
2018-08-27 13:22:24,6695.0,0.0160004
2018-08-27 13:22:25,6695.0,0.1519848
2018-08-27 13:22:28,6695.0,3.02585434
2018-08-27 13:22:50,6695.23,0.07566285
2018-08-27 13:22:51,6697.99,0.00097041
2018-08-27 13:22:51,6697.99,0.00097025
2018-08-27 13:22:51,6697.99,0.00186615
2018-08-27 13:22:51,6697.99,0.00335902
2018-08-27 13:22:51,6698.99,0.00186563
2018-08-27 13:22:51,6698.99,0.00097007
2018-08-27 13:22:51,6699.0,0.00842441
2018-08-27 13:22:52,6699.0,0.00656651
2018-08-27 13:22:54,6699.0,0.76873901
2018-08-27 13:22:54,6699.99,0.0018653
2018-08-27 13:22:54,6699.99,0.00231338
2018-08-27 13:22:54,6699.99,0.00097014
2018-08-27 13:22:55,6699.99,0.00096988
2018-08-27 13:22:55,6700.0,0.22514229
2018-08-27 13:22:55,6700.0,1.0
2018-08-27 13:22:57,6699.99,0.00091611
2018-08-27 13:23:13,6699.99,0.0005016
2018-08-27 13:23:13,6699.99,0.0023131
2018-08-27 13:23:13,6699.99,0.00156708
2018-08-27 13:23:14,6699.99,0.00111911
2018-08-27 13:23:14,6699.99,0.00246249
2018-08-27 13:23:14,6699.99,0.00276087
2018-08-27 13:23:14,6699.99,0.00171619
2018-08-27 13:23:14,6700.0,0.06764312
2018-08-27 13:23:14,6699.99,0.00156716
2018-08-27 13:23:15,6700.0,0.01037315
2018-08-27 13:23:15,6700.0,0.0804768
2018-08-27 13:23:21,6699.99,0.00096989
2018-08-27 13:23:21,6699.99,0.00156702
2018-08-27 13:23:21,6699.99,0.00246266
2018-08-27 13:23:21,6700.0,0.23500043
2018-08-27 13:23:21,6699.99,0.00261193
2018-08-27 13:23:22,6700.0,0.02250345
2018-08-27 13:23:22,6700.0,0.35886076
2018-08-27 13:23:22,6700.0,0.64113924
2018-08-27 13:23:23,6699.99,0.00276083
2018-08-27 13:23:23,6700.0,1.48437278
2018-08-27 13:23:26,6701.99,0.00246164
2018-08-27 13:23:27,6701.99,0.00141727
2018-08-27 13:23:27,6703.99,0.00171505
2018-08-27 13:23:27,6707.76,0.01420604
2018-08-27 13:23:27,6701.17,0.00567616
2018-08-27 13:23:29,6707.76,0.009993
2018-08-27 13:23:29,6707.75,0.03233328
2018-08-27 13:23:29,6707.76,1.42580096
2018-08-27 13:23:29,6707.99,0.0009688
2018-08-27 13:23:29,6708.01,3.57323024
2018-08-27 13:23:34,6708.01,5.0
2018-08-27 13:23:36,6707.75,0.0919149
2018-08-27 13:23:38,6707.76,0.03727017
2018-08-27 13:23:38,6707.75,0.96272983
2018-08-27 13:23:38,6707.75,0.41302199
2018-08-27 13:23:43,6704.52,1.0
2018-08-27 13:23:44,6705.58,1.0
2018-08-27 13:23:47,6702.5,1.0
2018-08-27 13:23:47,6706.96,0.00659299
2018-08-27 13:23:50,6705.65,0.0020202
2018-08-27 13:23:51,6705.2,0.0159984
2018-08-27 13:23:51,6700.13,0.95285792
2018-08-27 13:23:52,6699.44,0.54714208
2018-08-27 13:23:52,6699.44,0.95285792
2018-08-27 13:23:53,6699.44,0.02881721
2018-08-27 13:23:54,6699.44,0.01832487
2018-08-27 13:23:54,6699.44,0.98167513
2018-08-27 13:23:55,6699.44,0.0139986
2018-08-27 13:23:55,6699.44,0.00432627
2018-08-27 13:23:55,6699.44,0.01153089
2018-08-27 13:24:00,6699.93,0.00106742
2018-08-27 13:24:03,6703.39,0.01928592
2018-08-27 13:24:05,6704.56,0.02950642
2018-08-27 13:24:12,6705.38,0.5459407
2018-08-27 13:24:12,6706.34,1.0
2018-08-27 13:24:12,6706.34,0.001769
2018-08-27 13:24:14,6707.06,0.04282188
2018-08-27 13:24:15,6707.06,0.01764207
2018-08-27 13:24:15,6707.06,0.03729119
2018-08-27 13:24:17,6707.06,0.02519396
2018-08-27 13:24:17,6707.06,0.8770509
2018-08-27 13:24:21,6707.76,0.007454
2018-08-27 13:24:21,6707.99,0.00231032
2018-08-27 13:24:21,6707.99,0.00216157
2018-08-27 13:24:21,6708.01,0.06869436
2018-08-27 13:24:22,6707.99,0.05287325
2018-08-27 13:24:23,6707.99,0.01134218
2018-08-27 13:24:32,6707.78,0.01640835
2018-08-27 13:25:23,6707.99,0.0039501
2018-08-27 13:25:23,6708.01,0.01486556
2018-08-27 13:25:25,6708.01,0.17340463
2018-08-27 13:25:31,6700.19,0.33461469
2018-08-27 13:25:52,6704.21,1.70763394
2018-08-27 13:25:52,6708.01,3.66980521
2018-08-27 13:25:52,6708.99,0.00186312
2018-08-27 13:25:52,6708.99,0.0020122
2018-08-27 13:25:52,6708.99,0.00394954
2018-08-27 13:25:52,6708.99,0.00096851
2018-08-27 13:25:53,6708.99,0.00231009
2018-08-27 13:25:53,6708.99,0.00275725
2018-08-27 13:25:53,6709.69,2.2375
2018-08-27 13:25:53,6709.99,0.00096865
2018-08-27 13:25:53,6709.99,0.00171378
2018-08-27 13:25:53,6710.99,0.00156421
2018-08-27 13:25:53,6712.5,1.5
2018-08-27 13:25:53,6712.51,0.00118061
2018-08-27 13:25:53,6714.48,6.519842
2018-08-27 13:25:53,6715.0,1.0
2018-08-27 13:25:53,6715.23,1.0
2018-08-27 13:25:53,6716.68,0.03
2018-08-27 13:25:54,6716.99,0.00171207
2018-08-27 13:25:54,6717.36,0.016
2018-08-27 13:25:54,6717.72,6.0
2018-08-27 13:25:54,6719.26,25.0
2018-08-27 13:25:54,6719.38,0.03
2018-08-27 13:25:54,6719.77,1.26821882
2018-08-27 13:25:55,6706.13,0.01798061
2018-08-27 13:25:57,6700.19,0.18
2018-08-27 13:25:57,6700.19,0.1363
2018-08-27 13:25:58,6702.39,0.00581734
2018-08-27 13:26:00,6702.39,0.01027
2018-08-27 13:26:03,6702.39,0.04488879
2018-08-27 13:26:05,6702.86,0.06672674
2018-08-27 13:26:09,6702.55,0.02298825
2018-08-27 13:26:25,6701.38,0.0193554
2018-08-27 13:26:25,6698.46,4.359e-05
2018-08-27 13:26:27,6696.69,0.001
2018-08-27 13:26:35,6698.09,1.5
2018-08-27 13:26:37,6698.16,3.025e-05
2018-08-27 13:26:39,6700.51,0.02900444
2018-08-27 13:27:03,6697.65,0.03729239
2018-08-27 13:27:06,6700.36,0.35246337
2018-08-27 13:27:12,6698.44,0.03722533
2018-08-27 13:27:12,6698.44,0.014929
2018-08-27 13:27:13,6700.1,0.014929
2018-08-27 13:27:15,6700.1,0.014929
2018-08-27 13:27:25,6700.09,0.03731293
2018-08-27 13:27:25,6700.1,0.43219609
2018-08-27 13:27:26,6700.94,0.04614477
2018-08-27 13:27:27,6702.86,0.05327326
2018-08-27 13:27:27,6702.86,0.08343716
2018-08-27 13:27:27,6702.85,0.05327326
2018-08-27 13:27:27,6702.85,0.05327326
2018-08-27 13:27:28,6702.85,0.31001632
2018-08-27 13:27:28,6703.18,0.18998368
2018-08-27 13:27:29,6703.18,0.31001632
2018-08-27 13:27:31,6701.44,0.00125047
2018-08-27 13:27:38,6702.9,0.00230724
2018-08-27 13:27:39,6701.45,0.03730526
2018-08-27 13:27:39,6701.44,0.55169571
2018-08-27 13:27:39,6701.44,0.88628975
2018-08-27 13:27:41,6706.46,0.014923
2018-08-27 13:27:42,6706.8,0.014923
2018-08-27 13:27:43,6703.4,1.09497924
2018-08-27 13:27:43,6706.45,0.03727755
2018-08-27 13:27:43,6706.8,0.06779945
2018-08-27 13:27:49,6703.78,0.03729229
2018-08-27 13:27:50,6703.33,0.73255928
2018-08-27 13:27:51,6706.8,0.014918
2018-08-27 13:27:51,6706.79,0.014918
2018-08-27 13:27:52,6703.33,0.06
2018-08-27 13:27:52,6706.79,0.014918
2018-08-27 13:28:00,6704.1,0.99
2018-08-27 13:28:00,6706.78,0.014916
2018-08-27 13:28:02,6704.11,0.014916
2018-08-27 13:28:06,6704.11,0.02858184
2018-08-27 13:28:15,6704.1,0.16094629
2018-08-27 13:28:16,6702.17,0.99996271
2018-08-27 13:28:25,6700.96,0.011462
2018-08-27 13:28:27,6700.96,0.001
2018-08-27 13:28:47,6699.84,0.00259083
2018-08-27 13:29:03,6698.44,0.01494188
2018-08-27 13:29:15,6697.64,0.01489994
2018-08-27 13:29:25,6698.92,0.001
2018-08-27 13:29:27,6700.99,0.03730792
2018-08-27 13:29:39,6698.62,1.26691168
2018-08-27 13:29:40,6698.62,0.63346603
2018-08-27 13:29:48,6701.98,0.03722202
2018-08-27 13:29:52,6704.72,0.96277798
2018-08-27 13:29:52,6706.8,0.02235955
2018-08-27 13:29:52,6707.66,1.0
2018-08-27 13:29:52,6708.43,0.32610241
2018-08-27 13:30:06,6707.72,0.02056737
2018-08-27 13:30:11,6706.02,0.00305664
2018-08-27 13:30:23,6707.72,0.01669923
2018-08-27 13:30:23,6707.73,0.02057123
2018-08-27 13:30:33,6708.64,0.01592164
2018-08-27 13:30:34,6708.64,0.03727046
2018-08-27 13:30:41,6706.05,0.28463394
2018-08-27 13:30:42,6705.31,0.03728081
2018-08-27 13:30:43,6703.45,0.27515659
2018-08-27 13:30:43,6703.46,0.01104332
2018-08-27 13:30:44,6703.46,0.01599524
2018-08-27 13:30:44,6703.46,0.28
2018-08-27 13:30:44,6701.17,0.14918
2018-08-27 13:30:45,6701.17,0.05333037
2018-08-27 13:30:49,6707.05,0.00776341
2018-08-27 13:30:49,6707.05,0.05323659
2018-08-27 13:30:49,6707.05,9.378e-05
2018-08-27 13:30:50,6706.58,0.284718
2018-08-27 13:30:51,6700.64,0.05976825
2018-08-27 13:30:53,6707.06,0.08947175
2018-08-27 13:30:55,6698.62,1.00005522
2018-08-27 13:30:57,6701.22,0.1326571
2018-08-27 13:30:58,6705.64,0.03729417
2018-08-27 13:31:00,6698.57,0.0619
2018-08-27 13:31:01,6702.07,0.0619
2018-08-27 13:31:07,6700.6,0.01097273
2018-08-27 13:31:11,6698.17,0.14929
2018-08-27 13:31:19,6700.15,0.07462519
2018-08-27 13:31:20,6700.15,0.14925039
2018-08-27 13:31:20,6700.15,0.05965015
2018-08-27 13:31:20,6698.16,0.58033552
2018-08-27 13:31:30,6698.17,0.14929
2018-08-27 13:31:30,6698.17,0.14929
2018-08-27 13:31:31,6701.19,0.02630148
2018-08-27 13:31:32,6701.19,0.12298852
2018-08-27 13:31:32,6701.46,0.00226369
2018-08-27 13:31:33,6702.22,0.14929
2018-08-27 13:31:33,6701.46,0.12298852
2018-08-27 13:31:34,6702.22,0.02397779
2018-08-27 13:31:36,6701.46,0.03732363
2018-08-27 13:31:47,6701.05,0.22426815
2018-08-27 13:31:50,6698.92,2.03
2018-08-27 13:31:54,6698.93,0.03727195
2018-08-27 13:31:55,6698.93,1.27
2018-08-27 13:32:00,6698.17,0.03732363
2018-08-27 13:32:09,6700.77,0.03732243
2018-08-27 13:32:13,6700.76,0.0312
2018-08-27 13:32:21,6702.21,0.03730113
2018-08-27 13:32:43,6700.66,0.03
2018-08-27 13:32:53,6702.23,0.001
2018-08-27 13:33:28,6707.54,0.0992
2018-08-27 13:33:28,6707.56,0.22723518
2018-08-27 13:33:35,6702.24,0.001
2018-08-27 13:33:35,6702.24,0.03630086
2018-08-27 13:33:35,6702.23,0.28105573
2018-08-27 13:33:35,6699.06,0.14835099
2018-08-27 13:33:35,6698.29,0.00204649
2018-08-27 13:33:36,6699.33,1.5
2018-08-27 13:33:37,6698.3,0.14
2018-08-27 13:33:50,6701.33,0.03730603
2018-08-27 13:33:53,6702.6,0.5
2018-08-27 13:33:54,6703.75,0.5
2018-08-27 13:34:03,6700.1,1.0
2018-08-27 13:34:04,6699.27,0.58
2018-08-27 13:34:14,6703.96,0.03729129
2018-08-27 13:34:18,6703.95,0.00115953
2018-08-27 13:34:45,6706.78,0.5
2018-08-27 13:34:48,6707.47,0.008866
2018-08-27 13:35:11,6699.26,0.38683305
2018-08-27 13:35:17,6701.92,0.0174
2018-08-27 13:35:18,6705.49,0.5
2018-08-27 13:35:18,6705.49,0.03725999
2018-08-27 13:35:46,6709.38,0.02446292
2018-08-27 13:36:00,6705.65,0.03725961
2018-08-27 13:36:38,6707.54,0.03727343
2018-08-27 13:36:55,6708.77,0.5
2018-08-27 13:36:58,6707.51,0.03727304
2018-08-27 13:36:58,6707.04,0.49356263
2018-08-27 13:37:12,6708.33,0.042915
2018-08-27 13:37:12,6708.33,0.02105252
2018-08-27 13:37:14,6707.73,0.01159707
2018-08-27 13:37:20,6707.72,0.03725993
2018-08-27 13:37:20,6707.04,0.47250972
2018-08-27 13:37:20,6705.36,0.12981426
2018-08-27 13:37:21,6703.61,0.8886467
2018-08-27 13:37:21,6707.05,0.03726371
2018-08-27 13:37:23,6702.93,0.03725961
2018-08-27 13:37:23,6700.0,0.074035
2018-08-27 13:37:28,6700.0,0.13
2018-08-27 13:37:30,6705.11,0.14927
2018-08-27 13:37:31,6704.15,0.14927
2018-08-27 13:37:31,6705.1,0.42870898
2018-08-27 13:37:39,6700.17,0.63694941
2018-08-27 13:37:39,6700.17,0.00305059
2018-08-27 13:37:58,6703.65,0.0372845
2018-08-27 13:38:08,6701.83,0.08007
2018-08-27 13:38:09,6701.84,0.0160264
2018-08-27 13:38:19,6702.63,0.03728977
2018-08-27 13:38:19,6702.63,0.09634447
2018-08-27 13:38:21,6702.63,0.30942109
2018-08-27 13:38:21,6705.11,0.5
2018-08-27 13:38:21,6705.12,4.18526992
2018-08-27 13:38:21,6705.21,0.85138299
2018-08-27 13:38:21,6705.21,2.236
2018-08-27 13:38:21,6705.21,0.71715487
2018-08-27 13:38:25,6706.66,0.03727638
2018-08-27 13:38:40,6705.47,0.0372829
2018-08-27 13:38:41,6705.46,0.00128337
2018-08-27 13:39:10,6705.47,0.46272362
2018-08-27 13:39:36,6705.46,0.00136843
2018-08-27 13:39:51,6707.73,0.03727043
2018-08-27 13:40:07,6709.62,0.1
2018-08-27 13:40:08,6709.62,0.4
2018-08-27 13:40:08,6709.63,0.1
2018-08-27 13:40:08,6709.63,0.5
2018-08-27 13:40:09,6709.63,0.40852109
2018-08-27 13:40:17,6709.61,0.09147891
2018-08-27 13:40:17,6710.0,0.035
2018-08-27 13:40:18,6710.64,0.5
2018-08-27 13:40:18,6710.64,1.46272957
2018-08-27 13:40:18,6709.99,0.03727043
2018-08-27 13:40:18,6709.99,0.4557149
2018-08-27 13:40:19,6709.6,0.0442851
2018-08-27 13:40:19,6709.6,0.22828041
2018-08-27 13:40:33,6711.4,0.5
2018-08-27 13:40:33,6711.99,0.00573582
2018-08-27 13:40:33,6711.99,0.0021601
2018-08-27 13:40:33,6711.99,0.001117
2018-08-27 13:40:35,6709.6,0.005
2018-08-27 13:40:39,6709.6,0.14927
2018-08-27 13:40:39,6709.6,0.44472819
2018-08-27 13:40:40,6709.64,0.015
2018-08-27 13:40:45,6709.38,0.0346311
2018-08-27 13:40:48,6709.38,0.00263155
2018-08-27 13:40:49,6710.2,0.0713
2018-08-27 13:41:10,6707.18,0.04522123
2018-08-27 13:41:10,6706.8,0.30872802
2018-08-27 13:41:10,6708.47,0.03726632
2018-08-27 13:41:13,6709.69,0.4821985
2018-08-27 13:41:14,6709.69,0.05505168
2018-08-27 13:41:15,6706.47,0.48459698
2018-08-27 13:41:16,6706.47,0.20529813
2018-08-27 13:41:17,6705.78,0.48459698
2018-08-27 13:41:18,6706.13,0.094645
2018-08-27 13:41:18,6706.13,0.1497006
2018-08-27 13:41:19,6706.13,0.04391213
2018-08-27 13:41:19,6706.8,0.06256678
2018-08-27 13:41:20,6706.8,0.585
2018-08-27 13:41:30,6706.8,0.16338227
2018-08-27 13:41:30,6709.69,0.0914
2018-08-27 13:41:48,6707.07,0.037274
2018-08-27 13:41:54,6707.06,0.21710834
2018-08-27 13:41:54,6707.06,0.366722
2018-08-27 13:41:54,6704.14,3.204e-05
2018-08-27 13:41:59,6703.37,0.001
2018-08-27 13:42:00,6703.37,0.1579922
2018-08-27 13:42:00,6703.37,0.0011
2018-08-27 13:42:01,6706.5,0.0914448
2018-08-27 13:42:03,6707.06,0.03727416
2018-08-27 13:42:03,6707.06,0.02049104
2018-08-27 13:42:04,6707.06,0.14921
2018-08-27 13:42:05,6703.51,0.0011
2018-08-27 13:42:08,6703.51,0.001
2018-08-27 13:42:09,6703.52,0.029997
2018-08-27 13:42:10,6703.52,0.0372854
2018-08-27 13:42:12,6703.52,0.14918
2018-08-27 13:42:12,6703.52,0.08208866
2018-08-27 13:42:12,6703.52,0.06709134
2018-08-27 13:42:33,6705.75,0.24114629
2018-08-27 13:42:33,6707.98,0.16338227
2018-08-27 13:42:35,6708.87,0.0361
2018-08-27 13:42:44,6709.92,0.02218874
2018-08-27 13:42:44,6706.2,1.719e-05
2018-08-27 13:42:51,6704.49,0.18
2018-08-27 13:42:53,6710.2,0.14915
2018-08-27 13:42:54,6708.77,0.00101983
2018-08-27 13:42:59,6709.48,0.04128487
2018-08-27 13:43:00,6709.48,0.05015993
2018-08-27 13:43:00,6709.48,0.09039292
2018-08-27 13:43:00,6705.31,0.00088881
2018-08-27 13:43:04,6707.88,0.000906
2018-08-27 13:43:36,6709.84,0.00124617
2018-08-27 13:43:48,6709.84,0.00437237
2018-08-27 13:43:52,6706.03,0.91190699
2018-08-27 13:44:24,6703.19,0.001
2018-08-27 13:44:35,6700.79,1.0
2018-08-27 13:44:35,6700.09,0.0499859
2018-08-27 13:44:42,6703.43,0.03625677
2018-08-27 13:44:45,6701.67,0.06542936
2018-08-27 13:44:45,6700.99,0.93432145
2018-08-27 13:45:08,6700.0,0.05
2018-08-27 13:45:13,6698.39,0.03729255
2018-08-27 13:45:21,6699.99,0.03731349
2018-08-27 13:45:21,6700.0,0.1
2018-08-27 13:45:23,6698.46,0.00141043
2018-08-27 13:45:30,6700.0,0.05387
2018-08-27 13:45:38,6702.04,0.17777786
2018-08-27 13:45:42,6697.07,0.03732966
2018-08-27 13:45:55,6698.29,0.03732296
2018-08-27 13:46:14,6700.95,0.00135302
2018-08-27 13:46:33,6701.37,0.03730571
2018-08-27 13:46:35,6701.36,0.03350001
2018-08-27 13:46:49,6701.36,0.010462
2018-08-27 13:47:12,6699.3,0.01038043
2018-08-27 13:47:24,6700.8,0.01414159
2018-08-27 13:47:26,6696.61,0.04912073
2018-08-27 13:47:27,6696.61,0.01414159
2018-08-27 13:47:28,6695.83,1.0
2018-08-27 13:47:28,6694.21,0.19559529
2018-08-27 13:47:28,6693.32,0.07423999
2018-08-27 13:47:28,6693.32,0.0992
2018-08-27 13:47:28,6693.3,1.0
2018-08-27 13:47:28,6691.97,1.5
2018-08-27 13:47:28,6690.0,0.9239
2018-08-27 13:47:28,6689.23,2.2367
2018-08-27 13:47:29,6689.17,0.00896972
2018-08-27 13:47:29,6689.13,1.088
2018-08-27 13:47:29,6689.13,1.0
2018-08-27 13:47:29,6689.13,5.81013268
2018-08-27 13:47:40,6696.54,0.03729334
2018-08-27 13:47:44,6698.17,0.04084187
2018-08-27 13:48:01,6701.54,0.48631013
2018-08-27 13:48:02,6701.01,0.03726905
2018-08-27 13:48:09,6700.68,0.03730965
2018-08-27 13:48:10,6702.99,0.00484834
2018-08-27 13:48:10,6702.99,0.00216321
2018-08-27 13:48:10,6702.99,0.00171537
2018-08-27 13:48:17,6702.18,0.027152
2018-08-27 13:48:48,6700.15,0.38783475
2018-08-27 13:49:08,6700.06,0.72
2018-08-27 13:49:32,6702.57,0.17331144
2018-08-27 13:49:51,6702.17,0.28
2018-08-27 13:49:53,6696.95,0.03733033
2018-08-27 13:49:53,6696.94,0.40332967
2018-08-27 13:50:00,6702.07,0.28
2018-08-27 13:50:04,6702.06,0.03729712
2018-08-27 13:50:09,6702.99,0.00171551
2018-08-27 13:50:09,6703.63,0.02094928
2018-08-27 13:50:09,6702.08,0.03729729
2018-08-27 13:50:09,6702.07,0.28270288
2018-08-27 13:50:09,6702.07,0.32000017
2018-08-27 13:50:09,6702.07,0.16729695
2018-08-27 13:50:21,6701.09,0.03730196
2018-08-27 13:50:21,6702.07,0.15270322
2018-08-27 13:50:21,6703.63,0.97905072
2018-08-27 13:50:21,6703.99,0.00275948
2018-08-27 13:50:21,6703.99,0.00156581
2018-08-27 13:50:21,6703.99,0.00126785
2018-08-27 13:50:22,6703.99,0.00156602
2018-08-27 13:50:22,6703.99,0.00126787
2018-08-27 13:50:22,6703.99,0.00096926
2018-08-27 13:50:22,6704.25,2.2358
2018-08-27 13:50:22,6704.99,0.00201301
2018-08-27 13:50:22,6705.07,1.0
2018-08-27 13:50:23,6705.07,1.0
2018-08-27 13:50:23,6705.07,1.0
2018-08-27 13:50:32,6703.54,1.49140652
2018-08-27 13:50:32,6705.79,0.005
2018-08-27 13:50:32,6703.55,0.03728763
2018-08-27 13:50:32,6703.54,0.74409348
2018-08-27 13:50:33,6703.44,1.21861455
2018-08-27 13:50:34,6703.54,1.0
2018-08-27 13:50:34,6703.54,0.72138545
2018-08-27 13:51:03,6703.36,0.0342
2018-08-27 13:52:54,6698.91,2.2348
2018-08-27 13:53:50,6700.73,0.03729412
2018-08-27 13:54:34,6696.82,0.03727912
2018-08-27 13:54:35,6696.82,3.705e-05
2018-08-27 13:54:35,6696.82,0.49996295
2018-08-27 13:55:45,6696.82,0.0131
2018-08-27 13:55:56,6697.88,0.03732496
2018-08-27 13:55:56,6697.88,0.53653811
2018-08-27 13:56:22,6696.83,0.037331
2018-08-27 13:57:19,6697.87,0.02234143
2018-08-27 13:58:40,6696.44,0.00133492
2018-08-27 13:58:48,6697.32,0.09917
2018-08-27 13:59:07,6697.19,0.0014939
2018-08-27 13:59:08,6697.19,0.0014939
2018-08-27 13:59:09,6697.19,0.00010207
2018-08-27 13:59:09,6697.19,0.00139183
2018-08-27 13:59:09,6697.19,0.0014939
2018-08-27 13:59:10,6697.19,0.0014939
2018-08-27 13:59:11,6697.19,0.0014939
2018-08-27 13:59:12,6697.19,0.0014939
2018-08-27 13:59:12,6697.19,0.0014939
2018-08-27 13:59:13,6697.13,0.0014939
2018-08-27 13:59:14,6697.13,0.0014939
2018-08-27 14:00:22,6697.13,0.08489756
2018-08-27 14:03:29,6698.0,0.98480143
2018-08-27 14:03:29,6698.21,0.00147734
2018-08-27 14:03:33,6695.95,0.02107055
2018-08-27 14:03:46,6693.02,0.03735235
2018-08-27 14:03:47,6693.02,0.39130807
2018-08-27 14:03:47,6697.12,0.00126525
2018-08-27 14:03:47,6697.12,0.96260604
2018-08-27 14:03:48,6692.38,1.27655655
2018-08-27 14:03:49,6696.84,0.2368
2018-08-27 14:03:50,6696.91,0.02410302
2018-08-27 14:03:56,6695.06,0.03728282
2018-08-27 14:03:57,6695.05,0.28120435
2018-08-27 14:03:57,6691.55,0.8830794
2018-08-27 14:04:15,6689.92,0.00124617
2018-08-27 14:04:16,6693.61,0.03734905
2018-08-27 14:04:16,6695.65,0.00120515
2018-08-27 14:04:19,6696.74,0.44735199
2018-08-27 14:04:19,6696.1,0.03733507
2018-08-27 14:04:28,6696.7,1.278883
2018-08-27 14:04:30,6696.73,0.03733165
2018-08-27 14:04:47,6691.34,2.262169
2018-08-27 14:04:53,6691.34,1.19630679
2018-08-27 14:04:53,6691.34,0.46075303
2018-08-27 14:05:09,6691.34,0.71226827
2018-08-27 14:05:09,6691.34,0.74555191
2018-08-27 14:05:12,6689.93,0.0373695
2018-08-27 14:05:13,6686.81,1.5
2018-08-27 14:05:13,6685.99,3.32515976
2018-08-27 14:05:19,6692.46,0.001
2018-08-27 14:05:53,6692.45,0.03734543
2018-08-27 14:05:53,6692.45,0.25963296
2018-08-27 14:06:49,6692.44,0.031415
2018-08-27 14:07:10,6692.44,0.00594058
2018-08-27 14:07:10,6692.44,0.30371443
2018-08-27 14:07:21,6692.44,0.001245
2018-08-27 14:07:23,6692.44,0.22933026
2018-08-27 14:07:25,6691.78,0.0044
2018-08-27 14:07:40,6692.44,0.46114788
2018-08-27 14:07:49,6692.44,0.047115
2018-08-27 14:08:04,6694.52,0.07454486
2018-08-27 14:08:05,6694.51,0.22891337
2018-08-27 14:08:11,6695.34,0.0373394
2018-08-27 14:08:11,6695.34,0.4741929
2018-08-27 14:08:29,6696.48,0.13225479
2018-08-27 14:08:38,6696.48,0.12638486
2018-08-27 14:08:39,6695.51,0.03747081
2018-08-27 14:08:46,6696.47,0.0373331
2018-08-27 14:08:47,6696.47,0.0126669
2018-08-27 14:08:49,6695.51,0.03733984
2018-08-27 14:08:49,6696.47,0.005235
2018-08-27 14:08:58,6696.47,0.001
2018-08-27 14:09:01,6696.47,0.00134466
2018-08-27 14:09:09,6696.47,0.00776024
2018-08-27 14:09:11,6696.47,0.21620305
2018-08-27 14:09:14,6696.47,0.01540925
2018-08-27 14:09:20,6696.47,0.07465545
2018-08-27 14:09:25,6696.47,0.005
2018-08-27 14:09:53,6695.99,0.001
2018-08-27 14:10:09,6695.99,0.1590875
2018-08-27 14:10:11,6695.99,0.005
2018-08-27 14:10:31,6695.99,0.16735426
2018-08-27 14:10:44,6695.99,0.10595111
2018-08-27 14:10:45,6695.99,0.001
2018-08-27 14:10:46,6695.99,0.0200077
2018-08-27 14:10:52,6695.99,0.00216513
2018-08-27 14:11:16,6698.98,0.032
2018-08-27 14:11:20,6698.98,0.00531911
2018-08-27 14:11:20,6698.98,0.00552953
2018-08-27 14:11:34,6698.25,0.01187947
2018-08-27 14:12:32,6698.98,0.005
2018-08-27 14:12:35,6698.62,0.02548462
2018-08-27 14:12:56,6698.6,0.00132266
2018-08-27 14:13:00,6698.97,0.03731917
2018-08-27 14:13:00,6698.99,0.00171633
2018-08-27 14:13:00,6698.99,0.0020152
2018-08-27 14:13:00,6698.99,0.00276147
2018-08-27 14:13:00,6698.99,0.0032094
2018-08-27 14:13:00,6698.99,0.00171633
2018-08-27 14:13:00,6698.99,0.00216447
2018-08-27 14:13:00,6698.99,0.00171643
2018-08-27 14:13:04,6699.99,0.00156711
2018-08-27 14:13:04,6699.99,0.02821203
2018-08-27 14:13:12,6699.99,0.00156696
2018-08-27 14:13:18,6701.43,0.0300238
2018-08-27 14:13:40,6701.95,0.005
2018-08-27 14:13:58,6701.95,0.005
2018-08-27 14:14:04,6701.99,0.0024619
2018-08-27 14:14:04,6701.99,0.00246155
2018-08-27 14:14:04,6701.99,0.00201394
2018-08-27 14:14:07,6701.99,0.01857594
2018-08-27 14:14:54,6701.99,0.005
2018-08-27 14:15:15,6702.99,0.00425164
2018-08-27 14:15:15,6702.99,0.00261045
2018-08-27 14:15:15,6702.99,0.00096941
2018-08-27 14:15:15,6702.99,0.00275984
2018-08-27 14:15:15,6702.99,0.0017154
2018-08-27 14:15:18,6703.35,0.92
2018-08-27 14:15:22,6703.99,0.001
2018-08-27 14:15:32,6703.99,0.00459356
2018-08-27 14:15:32,6703.99,0.00096947
2018-08-27 14:15:32,6703.99,0.0023118
2018-08-27 14:15:32,6703.99,0.00126774
2018-08-27 14:15:32,6703.99,0.00103784
2018-08-27 14:15:34,6703.99,0.0005281
2018-08-27 14:15:50,6703.99,0.005
2018-08-27 14:15:57,6703.99,0.005
2018-08-27 14:16:14,6703.99,0.25557712
2018-08-27 14:16:15,6703.99,0.00425108
2018-08-27 14:16:15,6703.99,0.2229469
2018-08-27 14:16:16,6704.99,0.00126748
2018-08-27 14:16:16,6704.99,0.00186407
2018-08-27 14:16:16,6704.99,0.00096932
2018-08-27 14:16:16,6704.99,0.00141676
2018-08-27 14:16:16,6704.99,0.00246071
2018-08-27 14:16:16,6704.99,0.00186385
2018-08-27 14:16:16,6704.99,0.00096926
2018-08-27 14:16:16,6704.99,0.0021625
2018-08-27 14:16:16,6704.99,0.00186395
2018-08-27 14:16:16,6705.0,0.00201337
2018-08-27 14:16:16,6705.0,0.12295378
2018-08-27 14:16:53,6704.99,0.00246067
2018-08-27 14:16:54,6704.99,0.00201342
2018-08-27 14:16:54,6704.99,0.00246072
2018-08-27 14:16:56,6704.99,0.00126768
2018-08-27 14:16:56,6704.99,0.00171497
2018-08-27 14:16:56,6704.99,0.00290821
2018-08-27 14:16:56,6704.99,0.00171502
2018-08-27 14:16:56,6704.99,0.00201318
2018-08-27 14:16:56,6704.99,0.00096913
2018-08-27 14:16:56,6704.99,0.00216252
2018-08-27 14:16:57,6704.99,0.00111813
2018-08-27 14:16:57,6704.99,0.00544352
2018-08-27 14:16:57,6705.0,0.01805173
2018-08-27 14:17:09,6704.99,0.00096919
2018-08-27 14:17:09,6704.99,0.00231128
2018-08-27 14:17:09,6704.99,0.00290786
2018-08-27 14:17:09,6704.99,0.00275903
2018-08-27 14:17:09,6704.99,0.00141669
2018-08-27 14:17:09,6704.99,0.00186413
2018-08-27 14:17:09,6704.99,0.00499614
2018-08-27 14:17:09,6705.0,0.30494448
2018-08-27 14:17:10,6704.99,0.00096901
2018-08-27 14:17:10,6705.0,0.17344359
2018-08-27 14:17:27,6704.98,0.01980448
2018-08-27 14:17:56,6704.99,0.00275874
2018-08-27 14:17:56,6704.99,0.00275884
2018-08-27 14:17:56,6704.99,0.00096915
2018-08-27 14:17:57,6704.99,0.00454867
2018-08-27 14:17:57,6704.99,0.00096911
2018-08-27 14:17:57,6704.99,4.46e-06
2018-08-27 14:18:06,6704.99,0.00156124
2018-08-27 14:18:06,6704.99,0.01061876
2018-08-27 14:18:16,6704.99,0.005
2018-08-27 14:18:32,6704.99,0.15879384
2018-08-27 14:18:32,6704.99,0.00410114
2018-08-27 14:18:32,6704.99,0.00096925
2018-08-27 14:18:32,6704.99,0.00156584
2018-08-27 14:18:34,6705.0,2.23662788
2018-08-27 14:18:45,6705.0,5.0
2018-08-27 14:18:45,6705.0,0.4924651
2018-08-27 14:18:56,6705.99,0.00260935
2018-08-27 14:19:01,6706.99,0.00588912
2018-08-27 14:19:03,6707.99,0.00111783
2018-08-27 14:19:03,6707.99,0.00156492
2018-08-27 14:19:03,6707.99,0.00186339
2018-08-27 14:19:03,6707.99,0.0014159
2018-08-27 14:19:03,6707.99,0.00290684
2018-08-27 14:19:03,6709.99,0.00096833
2018-08-27 14:19:03,6709.99,0.00126641
2018-08-27 14:19:03,6709.99,0.0030551
2018-08-27 14:19:03,6711.65,0.57445486
2018-08-27 14:19:10,6711.99,0.00171322
2018-08-27 14:19:14,6712.98,0.5
2018-08-27 14:19:14,6712.99,0.00126601
2018-08-27 14:19:14,6712.99,0.00499023
2018-08-27 14:19:14,6712.99,0.00290459
2018-08-27 14:19:14,6712.99,0.00245788
2018-08-27 14:19:15,6712.99,0.00171302
2018-08-27 14:19:15,6712.99,0.00215979
2018-08-27 14:19:15,6712.99,0.49784021
2018-08-27 14:19:15,6712.98,0.00215979
2018-08-27 14:19:16,6714.98,0.5
2018-08-27 14:19:17,6714.98,0.5
2018-08-27 14:19:18,6714.99,0.00126573
2018-08-27 14:19:30,6714.99,0.00111649
2018-08-27 14:19:33,6715.99,0.00245649
2018-08-27 14:19:33,6715.99,0.00156335
2018-08-27 14:19:34,6715.99,0.04054246
2018-08-27 14:19:52,6713.75,0.00135302
2018-08-27 14:19:56,6713.76,0.002105
2018-08-27 14:19:58,6713.76,0.00151791
2018-08-27 14:19:59,6713.76,0.09637709
2018-08-27 14:19:59,6716.28,0.03722299
2018-08-27 14:20:06,6712.99,0.01333173
2018-08-27 14:20:06,6712.99,0.01549152
2018-08-27 14:20:07,6712.99,0.01549152
2018-08-27 14:20:07,6709.99,0.01415872
2018-08-27 14:20:07,6707.32,0.09793967
2018-08-27 14:20:08,6711.55,0.12952803
2018-08-27 14:20:09,6711.55,0.07047197
2018-08-27 14:20:09,6711.58,0.84659544
2018-08-27 14:20:09,6711.55,0.16226242
2018-08-27 14:20:16,6710.7,0.03472067
2018-08-27 14:20:17,6710.7,0.02011713
2018-08-27 14:20:17,6710.7,0.2574741
2018-08-27 14:20:17,6708.42,2.512e-05
2018-08-27 14:20:18,6708.42,0.01301807
2018-08-27 14:20:19,6712.92,1.5
2018-08-27 14:20:20,6712.98,0.28934801
2018-08-27 14:20:20,6712.89,0.57108663
2018-08-27 14:20:21,6711.84,0.024103
2018-08-27 14:20:21,6707.32,0.0368
2018-08-27 14:20:21,6706.31,0.3677425
2018-08-27 14:20:21,6711.84,0.024103
2018-08-27 14:20:21,6712.99,2.974e-05
2018-08-27 14:20:23,6706.31,0.13678391
2018-08-27 14:20:24,6708.99,0.06321609
2018-08-27 14:20:30,6711.8,0.00102107
2018-08-27 14:20:31,6713.47,0.15
2018-08-27 14:20:47,6714.26,0.03723391
2018-08-27 14:20:48,6715.53,0.3798
2018-08-27 14:20:48,6715.52,0.1202
2018-08-27 14:20:48,6716.19,0.0992
2018-08-27 14:20:49,6716.19,0.2596
2018-08-27 14:20:49,6716.19,0.2404
2018-08-27 14:20:50,6715.52,0.21010404
2018-08-27 14:20:55,6716.18,0.5
2018-08-27 14:20:57,6716.98,0.21386676
2018-08-27 14:20:58,6716.98,0.0052067
2018-08-27 14:21:00,6716.97,0.01864958
2018-08-27 14:21:02,6716.97,0.48135042
2018-08-27 14:21:04,6716.21,0.00293694
2018-08-27 14:21:05,6716.97,0.06445156
2018-08-27 14:21:05,6716.98,2.92896863
2018-08-27 14:21:07,6716.21,0.03424479
2018-08-27 14:21:08,6716.2,0.21085521
2018-08-27 14:21:17,6712.69,0.0221
2018-08-27 14:21:17,6711.15,0.06664504
2018-08-27 14:21:17,6712.69,0.23
2018-08-27 14:21:18,6712.68,0.91125496
2018-08-27 14:21:34,6712.27,0.03724522
2018-08-27 14:21:34,6712.27,0.05884745
2018-08-27 14:21:51,6712.26,1.0
2018-08-27 14:21:52,6712.26,0.01043235
2018-08-27 14:21:52,6711.99,0.48067251
2018-08-27 14:21:52,6711.99,0.5
2018-08-27 14:21:53,6712.26,0.01932749
2018-08-27 14:21:55,6710.13,0.037257
2018-08-27 14:22:10,6710.12,0.0193275
2018-08-27 14:22:16,6710.13,0.86
2018-08-27 14:22:38,6712.39,1.0
2018-08-27 14:22:38,6712.39,0.38161021
2018-08-27 14:22:38,6712.39,1.71068476
2018-08-27 14:22:39,6712.39,0.08874505
2018-08-27 14:22:56,6713.67,0.03723746
2018-08-27 14:22:57,6713.59,1.0059641
2018-08-27 14:23:00,6716.0,0.03229588
2018-08-27 14:23:01,6716.72,1.5
2018-08-27 14:23:01,6716.98,0.08356465
2018-08-27 14:23:02,6716.71,0.41643535
2018-08-27 14:23:05,6716.99,0.00200961
2018-08-27 14:23:05,6716.99,0.00245614
2018-08-27 14:23:05,6716.99,0.00275376
2018-08-27 14:23:05,6716.99,0.00260527
2018-08-27 14:23:05,6716.99,0.00156279
2018-08-27 14:23:05,6716.99,0.00230721
2018-08-27 14:23:05,6716.99,0.00156302
2018-08-27 14:23:05,6716.99,0.00126506
2018-08-27 14:23:06,6717.99,0.00215837
2018-08-27 14:23:06,6717.99,0.00096749
2018-08-27 14:23:08,6718.58,1.0
2018-08-27 14:23:11,6718.99,0.00111589
2018-08-27 14:23:11,6718.99,0.5
2018-08-27 14:23:11,6718.99,0.3
2018-08-27 14:23:13,6719.98,0.19888411
2018-08-27 14:23:19,6719.0,0.03720782
2018-08-27 14:23:22,6718.55,0.82820622
2018-08-27 14:23:29,6719.59,0.60296591
2018-08-27 14:23:29,6719.81,0.03720343
2018-08-27 14:23:29,6719.99,0.00349671
2018-08-27 14:23:29,6719.99,0.00245525
2018-08-27 14:23:30,6719.99,0.00141368
2018-08-27 14:23:30,6719.99,0.0024553
2018-08-27 14:23:30,6719.99,0.00230643
2018-08-27 14:23:30,6719.99,0.00230642
2018-08-27 14:23:30,6719.99,0.00290168
2018-08-27 14:23:30,6719.99,0.00186011
2018-08-27 14:23:30,6719.99,0.0021576
2018-08-27 14:23:30,6720.0,9.33847748
2018-08-27 14:23:30,6719.58,0.00088988
2018-08-27 14:23:46,6718.56,0.03721026
2018-08-27 14:23:46,6718.56,0.04361932
2018-08-27 14:24:09,6719.57,0.03720476
2018-08-27 14:24:10,6719.56,0.5
2018-08-27 14:24:11,6719.58,0.0951
2018-08-27 14:24:11,6719.99,0.00230642
2018-08-27 14:24:11,6719.99,0.00185973
2018-08-27 14:24:11,6719.99,0.00245499
2018-08-27 14:24:11,6719.99,0.00275292
2018-08-27 14:24:11,6719.99,0.00096722
2018-08-27 14:24:11,6719.99,0.00260393
2018-08-27 14:24:11,6719.99,0.00290142
2018-08-27 14:24:11,6719.99,0.00260398
2018-08-27 14:24:12,6719.57,0.41713597
2018-08-27 14:24:12,6719.56,0.08286403
2018-08-27 14:24:14,6719.99,0.00096718
2018-08-27 14:24:14,6720.0,0.57136743
2018-08-27 14:24:14,6720.0,0.55641683
2018-08-27 14:24:14,6720.0,0.064
2018-08-27 14:24:16,6720.99,0.0009669
2018-08-27 14:24:17,6720.99,0.00111583
2018-08-27 14:24:17,6719.98,0.27715245
2018-08-27 14:24:20,6720.99,0.0088
2018-08-27 14:24:20,6720.99,3.3004244
2018-08-27 14:24:20,6720.99,0.00215704
2018-08-27 14:24:22,6722.95,0.5
2018-08-27 14:24:23,6722.95,0.5
2018-08-27 14:24:27,6722.96,1.5
2018-08-27 14:24:32,6722.95,0.00163949
2018-08-27 14:24:49,6722.59,0.99836051
2018-08-27 14:25:23,6719.9,0.00181538
2018-08-27 14:25:28,6719.91,0.03720278
2018-08-27 14:25:29,6720.99,0.5
2018-08-27 14:25:29,6720.99,0.5
2018-08-27 14:25:29,6720.99,1.0
2018-08-27 14:25:30,6718.55,1.5
2018-08-27 14:25:31,6718.55,0.34149826
2018-08-27 14:25:31,6718.55,1.0
2018-08-27 14:25:31,6718.55,0.95434074
2018-08-27 14:25:39,6718.55,0.37595478
2018-08-27 14:25:47,6718.55,0.00163647
2018-08-27 14:25:55,6714.83,0.03556043
2018-08-27 14:25:57,6717.29,0.04464746
2018-08-27 14:25:59,6714.84,0.03719822
2018-08-27 14:26:18,6717.29,0.03721739
2018-08-27 14:26:41,6718.48,0.0372107
2018-08-27 14:27:30,6718.48,2.98137457
2018-08-27 14:27:30,6720.0,2.98137457
2018-08-27 14:27:31,6721.9,0.5
2018-08-27 14:27:32,6721.9,0.49836353
2018-08-27 14:27:32,6721.9,0.00163647
2018-08-27 14:27:35,6721.91,0.03719159
2018-08-27 14:27:36,6722.99,0.00275165
2018-08-27 14:27:36,6722.99,0.00156174
2018-08-27 14:27:36,6722.99,0.0026029
2018-08-27 14:27:36,6722.99,0.00260295
2018-08-27 14:27:36,6722.99,0.00215645
2018-08-27 14:27:36,6722.99,0.00275144
2018-08-27 14:27:36,6722.99,0.00096639
2018-08-27 14:27:37,6722.99,0.00200769
2018-08-27 14:27:37,6722.99,0.00245424
2018-08-27 14:27:37,6722.99,0.00200775
2018-08-27 14:27:37,6722.99,0.5
2018-08-27 14:27:37,6723.29,0.00118062
2018-08-27 14:27:37,6723.28,0.5
2018-08-27 14:27:38,6723.28,0.5
2018-08-27 14:27:43,6724.0,0.1
2018-08-27 14:27:45,6724.78,1.0
2018-08-27 14:27:46,6724.78,0.37696738
2018-08-27 14:27:54,6724.77,0.00159352
2018-08-27 14:28:14,6724.78,11.12303262
2018-08-27 14:28:14,6724.78,0.5
2018-08-27 14:28:14,6724.99,0.00260213
2018-08-27 14:28:14,6724.99,0.00156133
2018-08-27 14:28:14,6724.99,0.0021557
2018-08-27 14:28:14,6724.99,0.00126375
2018-08-27 14:28:14,6724.99,0.00587348
2018-08-27 14:28:15,6724.99,0.00111512
2018-08-27 14:28:15,6724.99,0.00170994
2018-08-27 14:28:15,6724.78,0.5
2018-08-27 14:28:17,6725.98,0.0474
2018-08-27 14:28:26,6725.98,0.6055
2018-08-27 14:28:26,6725.99,0.00126355
2018-08-27 14:28:27,6725.99,0.00096601
2018-08-27 14:28:27,6725.99,0.00289914
2018-08-27 14:28:29,6725.99,0.0024529
2018-08-27 14:28:29,6725.99,0.00215573
2018-08-27 14:28:29,6725.99,0.00170949
2018-08-27 14:28:29,6725.99,0.00260171
2018-08-27 14:28:29,6726.14,0.00148673
2018-08-27 14:28:29,6726.99,0.00274978
2018-08-27 14:28:29,6726.99,0.00170929
2018-08-27 14:28:30,6729.99,0.00527464
2018-08-27 14:28:30,6730.0,0.37
2018-08-27 14:28:30,6726.99,0.98617717
2018-08-27 14:28:30,6726.99,1.48424643
2018-08-27 14:28:30,6726.99,1.90921077
2018-08-27 14:28:31,6730.99,0.00230246
2018-08-27 14:28:32,6731.75,0.0298
2018-08-27 14:28:32,6731.75,0.0298
2018-08-27 14:28:32,6731.75,0.005839
2018-08-27 14:28:32,6731.99,0.5
2018-08-27 14:28:32,6731.99,1.5
2018-08-27 14:28:32,6731.99,0.00170825
2018-08-27 14:28:32,6731.99,0.00096533
2018-08-27 14:28:32,6731.99,0.00141098
2018-08-27 14:28:32,6733.25,0.09799822
2018-08-27 14:28:33,6733.34,0.85862142
2018-08-27 14:28:33,6733.34,0.12677957
2018-08-27 14:28:33,6733.34,0.00148069
2018-08-27 14:28:33,6732.57,0.2875
2018-08-27 14:28:34,6730.98,0.00230246
2018-08-27 14:28:35,6730.98,0.49769754
2018-08-27 14:28:35,6730.98,0.50230246
2018-08-27 14:28:36,6730.97,0.5
2018-08-27 14:28:36,6730.98,0.06269754
2018-08-27 14:28:38,6730.96,0.5
2018-08-27 14:28:38,6730.99,0.00230248
2018-08-27 14:28:38,6730.99,0.00200553
2018-08-27 14:28:38,6730.99,0.00497688
2018-08-27 14:28:38,6733.77,0.04928885
2018-08-27 14:28:39,6730.99,0.00141138
2018-08-27 14:28:39,6731.4,0.5
2018-08-27 14:28:40,6732.69,0.99840648
2018-08-27 14:28:40,6730.96,0.49569199
2018-08-27 14:28:40,6730.95,0.00430801
2018-08-27 14:28:41,6732.69,0.50159352
2018-08-27 14:28:41,6732.69,0.11662505
2018-08-27 14:28:41,6730.96,0.37872872
2018-08-27 14:28:41,6730.96,0.00464623
2018-08-27 14:28:42,6730.96,0.24104606
2018-08-27 14:28:43,6730.01,0.03714547
2018-08-27 14:28:49,6724.78,0.003
2018-08-27 14:28:49,6724.78,0.13221209
2018-08-27 14:28:54,6725.16,1.5
2018-08-27 14:28:55,6726.71,1.12159471
2018-08-27 14:28:58,6726.61,0.00723461
2018-08-27 14:28:59,6726.61,0.49276539
2018-08-27 14:28:59,6724.8,0.3
2018-08-27 14:28:59,6724.78,0.05873798
2018-08-27 14:29:06,6720.0,1.0
2018-08-27 14:29:06,6720.0,1.0
2018-08-27 14:29:07,6720.0,2.03725086
2018-08-27 14:29:15,6719.71,0.03714191
2018-08-27 14:29:19,6721.36,0.005
2018-08-27 14:29:22,6721.36,0.00995694
2018-08-27 14:29:22,6720.54,0.0371385
2018-08-27 14:29:22,6717.22,0.0128615
2018-08-27 14:29:28,6720.53,0.03719945
2018-08-27 14:29:41,6721.22,0.03719553
2018-08-27 14:29:47,6716.49,0.05
2018-08-27 14:29:52,6716.5,0.24024764
2018-08-27 14:29:52,6716.5,0.12938541
2018-08-27 14:29:54,6717.17,0.81841013
2018-08-27 14:29:58,6717.16,0.03721811
2018-08-27 14:30:12,6720.07,0.05
2018-08-27 14:30:19,6720.48,0.03719963
2018-08-27 14:30:27,6722.33,0.03718949
2018-08-27 14:30:28,6723.43,0.1288
2018-08-27 14:30:28,6723.43,0.1697
2018-08-27 14:30:29,6718.38,0.14439024
2018-08-27 14:30:34,6724.38,0.129
2018-08-27 14:30:35,6724.38,0.371
2018-08-27 14:30:37,6721.46,0.05
2018-08-27 14:30:43,6726.95,0.03716385
2018-08-27 14:30:54,6726.15,0.01487
2018-08-27 14:30:55,6726.05,0.1492
2018-08-27 14:30:56,6725.78,1.0
2018-08-27 14:30:56,6726.05,0.3508
2018-08-27 14:30:56,6726.15,0.02229837
2018-08-27 14:30:57,6727.44,0.5
2018-08-27 14:30:58,6727.66,0.5523
2018-08-27 14:31:02,6724.02,0.05
2018-08-27 14:31:06,6725.07,0.00207994
2018-08-27 14:31:07,6727.34,0.5
2018-08-27 14:31:08,6727.33,0.5
2018-08-27 14:31:19,6726.72,0.03716385
2018-08-27 14:31:19,6726.2,0.5
2018-08-27 14:31:19,6726.72,0.21283615
2018-08-27 14:31:19,6727.99,0.00557367
2018-08-27 14:31:19,6727.99,0.00170887
2018-08-27 14:31:20,6726.2,0.49291642
2018-08-27 14:31:21,6728.19,0.00156081
2018-08-27 14:31:25,6728.25,0.03715661
2018-08-27 14:31:28,6724.23,0.05
2018-08-27 14:31:30,6724.24,0.4402
2018-08-27 14:31:35,6724.24,0.02113844
2018-08-27 14:31:37,6728.08,0.04442803
2018-08-27 14:31:46,6726.29,0.5
2018-08-27 14:31:46,6727.02,2.2302
2018-08-27 14:31:50,6726.27,0.0371677
2018-08-27 14:31:51,6726.28,0.5
2018-08-27 14:31:52,6727.69,0.09795145
2018-08-27 14:31:52,6727.25,0.40204855
2018-08-27 14:31:52,6728.24,1.0
2018-08-27 14:31:59,6720.17,0.053443
2018-08-27 14:32:28,6721.9,0.05
2018-08-27 14:32:46,6720.71,0.03719835
2018-08-27 14:32:48,6716.29,0.46146906
2018-08-27 14:33:17,6717.64,0.03720764
2018-08-27 14:33:21,6717.96,0.01873512
2018-08-27 14:33:27,6719.06,0.05
2018-08-27 14:33:29,6717.54,0.9
2018-08-27 14:33:34,6717.54,1.28
2018-08-27 14:33:40,6716.0,0.45412849
2018-08-27 14:33:47,6716.0,0.75790601
2018-08-27 14:33:52,6716.0,1.0
2018-08-27 14:33:54,6716.01,0.53
2018-08-27 14:33:55,6716.0,0.73588556
2018-08-27 14:33:57,6716.01,0.03721697
2018-08-27 14:33:59,6716.01,0.02737397
2018-08-27 14:34:00,6716.01,0.30262603
2018-08-27 14:34:02,6716.0,0.1958864
2018-08-27 14:34:03,6716.0,0.1959804
2018-08-27 14:34:05,6716.01,0.11
2018-08-27 14:34:05,6716.0,0.03
2018-08-27 14:34:06,6716.0,0.19594045
2018-08-27 14:34:06,6716.0,0.08835087
2018-08-27 14:34:06,6716.01,0.34499481
2018-08-27 14:34:06,6716.84,0.2008767
2018-08-27 14:34:06,6716.0,0.0360033
2018-08-27 14:34:07,6716.0,0.122781
2018-08-27 14:34:07,6716.84,0.14765936
2018-08-27 14:34:07,6716.84,0.1959804
2018-08-27 14:34:07,6716.84,0.0853748
2018-08-27 14:34:10,6716.01,0.05
2018-08-27 14:34:10,6716.01,0.32719517
2018-08-27 14:34:10,6717.68,0.03395048
2018-08-27 14:34:10,6717.68,0.45356051
2018-08-27 14:34:11,6717.68,0.39529384
2018-08-27 14:34:15,6719.05,0.02
2018-08-27 14:34:17,6718.36,0.02511393
2018-08-27 14:34:17,6718.36,0.299537
2018-08-27 14:34:19,6718.37,0.3
2018-08-27 14:34:20,6719.05,0.01720764
2018-08-27 14:34:24,6721.94,0.01623255
2018-08-27 14:34:28,6721.95,0.11160732
2018-08-27 14:34:31,6722.48,0.03718856
2018-08-27 14:34:35,6722.47,0.72489391
2018-08-27 14:35:09,6712.55,0.01623255
2018-08-27 14:35:09,6712.55,0.05208718
2018-08-27 14:35:17,6718.41,0.00081163
2018-08-27 14:35:17,6718.69,1.01542092
2018-08-27 14:35:21,6715.62,0.03050112
2018-08-27 14:35:25,6717.23,0.5
2018-08-27 14:35:25,6718.55,2.79133864
2018-08-27 14:35:26,6712.42,0.713
2018-08-27 14:35:26,6718.55,0.09806136
2018-08-27 14:35:26,6718.55,0.5
2018-08-27 14:35:27,6722.35,1.0
2018-08-27 14:35:32,6718.56,0.5
2018-08-27 14:35:35,6723.56,1.0
2018-08-27 14:35:35,6723.58,0.5
2018-08-27 14:35:36,6723.58,0.48376745
2018-08-27 14:35:39,6722.32,0.5
2018-08-27 14:35:43,6722.3,0.03718263
2018-08-27 14:35:49,6722.31,0.5
2018-08-27 14:35:52,6722.31,0.5
2018-08-27 14:35:56,6722.31,0.06668989
2018-08-27 14:35:59,6722.31,0.43331011
2018-08-27 14:35:59,6722.31,1.0
2018-08-27 14:36:00,6722.31,0.17106033
2018-08-27 14:36:01,6716.61,1.0
2018-08-27 14:36:01,6722.31,0.32893967
2018-08-27 14:36:02,6723.48,0.97378338
2018-08-27 14:36:03,6720.27,1.36475601
2018-08-27 14:36:06,6715.11,0.03722195
2018-08-27 14:36:06,6715.1,1.07908335
2018-08-27 14:36:11,6720.27,0.13524399
2018-08-27 14:36:11,6720.34,3.70992823
2018-08-27 14:36:11,6717.57,0.5
2018-08-27 14:36:12,6718.7,0.48376745
2018-08-27 14:36:12,6718.37,0.19369568
2018-08-27 14:36:12,6717.56,0.5
2018-08-27 14:36:12,6720.34,0.1528
2018-08-27 14:36:13,6720.34,0.50202778
2018-08-27 14:36:13,6717.56,0.5
2018-08-27 14:36:14,6719.9,0.01623255
2018-08-27 14:36:15,6715.0,0.4917
2018-08-27 14:36:16,6719.89,0.5
2018-08-27 14:36:16,6715.01,0.2219349
2018-08-27 14:36:16,6715.01,0.2219349
2018-08-27 14:36:16,6715.01,0.0561302
2018-08-27 14:36:23,6719.67,0.5
2018-08-27 14:36:23,6719.67,0.03720299
2018-08-27 14:36:24,6722.47,0.5
2018-08-27 14:36:29,6722.47,0.0457024
2018-08-27 14:36:32,6722.47,0.04766423
2018-08-27 14:36:40,6717.25,1.5
2018-08-27 14:36:41,6717.15,1.0
2018-08-27 14:36:43,6722.46,0.5
2018-08-27 14:36:44,6722.46,0.5
2018-08-27 14:36:55,6722.47,0.20464837
2018-08-27 14:37:03,6722.47,0.5
2018-08-27 14:37:18,6722.46,0.25705051
2018-08-27 14:37:20,6722.47,0.53720299
2018-08-27 14:37:20,6723.69,0.15240738
2018-08-27 14:37:30,6722.46,0.2
2018-08-27 14:37:41,6722.45,0.46279701
2018-08-27 14:38:13,6718.96,0.03720656
2018-08-27 14:38:13,6716.66,1.22585308
2018-08-27 14:38:18,6722.47,0.29535163
2018-08-27 14:38:36,6717.41,2.2291
2018-08-27 14:38:36,6715.0,2.45601333
2018-08-27 14:38:37,6722.47,0.03719718
2018-08-27 14:38:40,6722.44,0.5
2018-08-27 14:38:40,6722.45,0.46280282
2018-08-27 14:38:42,6715.05,0.2954
2018-08-27 14:38:42,6715.0,3.23938667
2018-08-27 14:38:49,6715.84,1.5
2018-08-27 14:38:53,6717.63,2.228
2018-08-27 14:39:00,6721.62,0.03720221
2018-08-27 14:39:09,6718.72,0.03720947
2018-08-27 14:39:12,6722.41,1.0
2018-08-27 14:39:18,6720.29,0.03720068
2018-08-27 14:39:18,6714.29,0.93390371
2018-08-27 14:39:39,6722.27,0.9339
2018-08-27 14:39:55,6721.97,0.03718241
2018-08-27 14:40:10,6721.3,0.00198175
2018-08-27 14:40:10,6722.41,0.07496217
2018-08-27 14:40:10,6722.41,0.07496217
2018-08-27 14:40:10,6722.41,0.07496217
2018-08-27 14:40:10,6722.41,0.07496217
2018-08-27 14:40:10,6722.41,0.07496217
2018-08-27 14:40:10,6722.41,0.07496217
2018-08-27 14:40:11,6723.69,0.84759262
2018-08-27 14:40:11,6724.35,1.9687
2018-08-27 14:40:28,6722.42,0.16476507
2018-08-27 14:40:35,6720.7,0.03718951
2018-08-27 14:40:35,6722.42,0.01979
2018-08-27 14:40:43,6722.51,0.023531
2018-08-27 14:41:02,6717.39,0.39613202
2018-08-27 14:41:08,6720.76,1.5
2018-08-27 14:41:08,6720.79,0.48021
2018-08-27 14:41:08,6720.79,0.01979
2018-08-27 14:41:09,6720.75,0.03718838
2018-08-27 14:41:10,6722.48,0.7875707
2018-08-27 14:41:18,6722.0,0.5
2018-08-27 14:41:18,6722.0,1.11
2018-08-27 14:41:18,6722.47,0.19
2018-08-27 14:41:20,6715.82,0.03721654
2018-08-27 14:41:49,6714.52,2.1e-06
2018-08-27 14:41:54,6717.48,0.0287679
2018-08-27 14:42:06,6717.49,1.5
2018-08-27 14:42:07,6717.48,0.03719142
2018-08-27 14:42:09,6718.48,0.96280858
2018-08-27 14:42:09,6718.48,0.20395517
2018-08-27 14:42:10,6717.98,0.57517853
2018-08-27 14:42:18,6714.53,0.03720736
2018-08-27 14:42:30,6718.31,0.03721174
2018-08-27 14:42:32,6719.62,1.0
2018-08-27 14:42:50,6716.85,0.4712321
2018-08-27 14:42:54,6716.85,0.03721973
2018-08-27 14:43:00,6717.48,0.03721988
2018-08-27 14:43:02,6717.49,0.035774
2018-08-27 14:43:12,6715.88,0.03722807
2018-08-27 14:44:31,6715.77,0.153
2018-08-27 14:44:38,6715.78,0.01950999
2018-08-27 14:44:40,6716.99,0.5
2018-08-27 14:44:40,6716.99,0.03721905
2018-08-27 14:45:02,6717.0,0.006821
2018-08-27 14:45:02,6717.0,0.00169271
2018-08-27 14:45:21,6717.0,0.09148629
2018-08-27 14:45:22,6717.0,0.06151371
2018-08-27 14:45:29,6715.33,1.46278095
2018-08-27 14:45:29,6714.24,0.03723568
2018-08-27 14:45:39,6713.51,0.847
2018-08-27 14:45:40,6708.32,0.0198432
2018-08-27 14:45:52,6710.82,0.03725327
2018-08-27 14:47:02,6709.92,0.025591
2018-08-27 14:47:04,6711.08,0.00597
2018-08-27 14:47:06,6708.88,0.03726395
2018-08-27 14:47:18,6708.88,0.01043173
2018-08-27 14:48:02,6708.88,0.041791
2018-08-27 14:48:10,6708.88,0.042186
2018-08-27 14:49:51,6712.57,0.02698925
2018-08-27 14:51:19,6710.73,0.08141771
2018-08-27 14:52:10,6710.74,0.0014902
2018-08-27 14:52:56,6710.74,2.952
2018-08-27 14:53:42,6710.74,1.0
2018-08-27 14:53:42,6712.41,1.28234108
2018-08-27 14:53:42,6712.57,0.01001075
2018-08-27 14:53:42,6713.72,0.03725188
2018-08-27 14:53:42,6713.73,0.08065444
2018-08-27 14:53:42,6713.87,2.7187
2018-08-27 14:53:42,6714.99,0.00141464
2018-08-27 14:53:42,6714.99,0.00186127
2018-08-27 14:53:50,6712.74,0.03725736
2018-08-27 14:56:20,6709.3,0.0049875
2018-08-27 14:56:43,6709.31,0.05109207
2018-08-27 14:56:50,6708.28,0.89307659
2018-08-27 14:57:29,6709.0,0.2090714
2018-08-27 14:57:29,6708.6,0.87228359
2018-08-27 14:57:32,6709.31,0.001
2018-08-27 14:58:15,6708.95,0.91858229
2018-08-27 14:58:31,6708.95,0.001
2018-08-27 14:59:10,6708.95,0.08041771
2018-08-27 14:59:10,6709.27,2.2359
2018-08-27 14:59:10,6709.3,0.03726171
2018-08-27 14:59:10,6709.37,1.62407289
2018-08-27 14:59:11,6709.37,1.0
2018-08-27 14:59:14,6705.36,0.17489636
2018-08-27 14:59:25,6706.18,1.0
2018-08-27 14:59:26,6706.18,1.0
2018-08-27 14:59:27,6704.97,0.03728568
2018-08-27 14:59:27,6701.47,1.0
2018-08-27 14:59:27,6700.0,1.0
2018-08-27 14:59:27,6700.0,0.502
2018-08-27 14:59:27,6698.15,1.09700968
2018-08-27 14:59:35,6701.75,0.00132726
2018-08-27 14:59:40,6703.32,0.05584224
2018-08-27 14:59:40,6706.17,0.0372791
2018-08-27 14:59:40,6707.56,3.28
2018-08-27 14:59:40,6707.86,0.00871033
2018-08-27 14:59:59,6704.33,0.17
2018-08-27 15:00:00,6704.33,0.03728924
2018-08-27 15:00:06,6703.49,0.03431254
2018-08-27 15:00:12,6703.5,1.5
2018-08-27 15:00:18,6703.5,0.29
2018-08-27 15:00:24,6704.93,0.037286
2018-08-27 15:00:27,6705.47,0.00279211
2018-08-27 15:00:29,6705.48,0.03728284
2018-08-27 15:00:30,6704.43,1.5
2018-08-27 15:00:31,6703.5,0.16533355
2018-08-27 15:00:34,6703.5,0.00466645
2018-08-27 15:00:47,6700.19,1.08633733
2018-08-27 15:00:47,6703.49,0.08934943
2018-08-27 15:00:47,6703.49,1.0
2018-08-27 15:00:47,6703.49,0.04350575
2018-08-27 15:00:47,6704.78,0.03728683
2018-08-27 15:00:47,6704.79,0.83283228
2018-08-27 15:00:47,6705.11,0.7978
2018-08-27 15:00:49,6705.63,0.01507248
2018-08-27 15:00:50,6706.16,0.0007912
2018-08-27 15:00:50,6709.35,0.00065426
2018-08-27 15:01:00,6700.2,0.03731222
2018-08-27 15:01:11,6705.36,0.03582719
2018-08-27 15:01:33,6703.22,0.00075362
2018-08-27 15:02:26,6704.45,0.02451769
2018-08-27 15:02:38,6700.21,0.03585918
2018-08-27 15:03:29,6701.49,0.88450453
2018-08-27 15:03:39,6701.48,0.03727088
2018-08-27 15:03:39,6701.5,2.73497
2018-08-27 15:05:34,6706.55,0.0085
2018-08-27 15:05:44,6701.38,0.11418
2018-08-27 15:06:34,6701.38,0.0059994
2018-08-27 15:07:31,6701.39,0.001
2018-08-27 15:07:43,6702.72,0.001
2018-08-27 15:07:43,6702.72,0.0011
2018-08-27 15:07:43,6706.54,0.0011
2018-08-27 15:07:49,6700.32,0.03727289
2018-08-27 15:08:04,6703.27,0.03197871
2018-08-27 15:08:04,6700.32,1.5
2018-08-27 15:08:27,6700.02,0.03201272
2018-08-27 15:08:30,6700.02,0.02771727
2018-08-27 15:08:31,6700.03,1.0
2018-08-27 15:08:32,6700.03,1.20099545
2018-08-27 15:08:35,6706.13,0.03727933
2018-08-27 15:08:35,6706.14,2.73497
2018-08-27 15:08:35,6706.33,0.69369568
2018-08-27 15:08:35,6707.88,0.00075362
2018-08-27 15:08:37,6709.12,0.20700648
2018-08-27 15:08:38,6705.92,0.03726256
2018-08-27 15:08:42,6705.99,0.00096894
2018-08-27 15:08:52,6707.99,0.00171394
2018-08-27 15:08:57,6709.11,0.03726277
2018-08-27 15:08:57,6709.12,0.27299352
2018-08-27 15:08:58,6709.99,0.00111735
2018-08-27 15:08:58,6709.99,0.00201184
2018-08-27 15:08:59,6709.13,1.5
2018-08-27 15:09:30,6708.86,0.61947336
2018-08-27 15:09:30,6709.99,0.00111745
2018-08-27 15:09:30,6709.99,0.00275685
2018-08-27 15:09:30,6709.99,0.00469444
2018-08-27 15:09:30,6709.99,0.00096867
2018-08-27 15:09:30,6709.99,0.00260772
2018-08-27 15:09:30,6709.99,0.00260805
2018-08-27 15:09:34,6710.45,0.04425954
2018-08-27 15:09:58,6714.59,0.46
2018-08-27 15:09:59,6714.99,0.00111649
2018-08-27 15:09:59,6714.99,0.00230795
2018-08-27 15:09:59,6714.99,0.00126561
2018-08-27 15:10:00,6715.99,0.00215897
2018-08-27 15:10:00,6715.99,0.00111646
2018-08-27 15:10:00,6715.99,0.00186112
2018-08-27 15:10:00,6715.99,0.00126562
2018-08-27 15:10:06,6713.42,0.00150146
2018-08-27 15:10:09,6713.43,0.00294493
2018-08-27 15:10:19,6716.99,0.00215846
2018-08-27 15:10:55,6713.02,0.13738722
2018-08-27 15:10:55,6713.23,1.5
2018-08-27 15:10:58,6712.34,0.03430839
2018-08-27 15:11:00,6712.33,1.08487133
2018-08-27 15:11:00,6712.34,0.362625
2018-08-27 15:11:13,6712.43,1.88082992
2018-08-27 15:11:19,6712.43,0.8808325
2018-08-27 15:11:19,6712.43,0.9999826
2018-08-27 15:11:46,6711.05,0.64244786
2018-08-27 15:12:47,6710.42,0.00372151
2018-08-27 15:12:56,6710.42,0.01475193
2018-08-27 15:13:09,6709.16,0.14813321
2018-08-27 15:13:12,6710.42,0.02245998
2018-08-27 15:13:26,6710.43,0.03720188
2018-08-27 15:13:50,6710.99,0.00156434
2018-08-27 15:14:20,6710.23,0.013958
2018-08-27 15:14:26,6710.24,0.001
2018-08-27 15:14:27,6710.23,0.0008
2018-08-27 15:14:40,6710.24,0.004
2018-08-27 15:15:00,6707.16,0.0008
2018-08-27 15:15:20,6704.71,0.003294
2018-08-27 15:15:28,6705.94,0.0008
2018-08-27 15:17:26,6707.48,0.0008
2018-08-27 15:17:45,6709.51,0.0372282
2018-08-27 15:17:45,6710.36,0.46
2018-08-27 15:18:02,6709.46,0.007601
2018-08-27 15:19:03,6712.39,0.0427
2018-08-27 15:19:36,6713.74,0.46
2018-08-27 15:19:43,6711.77,0.03721672
2018-08-27 15:19:59,6710.26,0.014678
2018-08-27 15:20:02,6710.27,0.012634
2018-08-27 15:20:08,6710.27,0.0381212
2018-08-27 15:20:51,6710.27,0.08834485
2018-08-27 15:22:14,6706.08,0.03725488
2018-08-27 15:22:14,6706.58,0.44
2018-08-27 15:22:56,6705.32,0.3506
2018-08-27 15:23:12,6704.47,0.03726319
2018-08-27 15:23:13,6704.47,0.00144528
2018-08-27 15:23:36,6701.73,0.09999875
2018-08-27 15:24:02,6701.74,0.05959
2018-08-27 15:24:36,6705.07,0.05
2018-08-27 15:24:49,6701.24,0.005225
2018-08-27 15:24:57,6701.24,0.03206027
2018-08-27 15:25:17,6699.33,0.03729624
2018-08-27 15:25:49,6697.53,0.01045
2018-08-27 15:25:55,6700.82,0.020531
2018-08-27 15:26:01,6700.82,0.014
2018-08-27 15:26:40,6700.82,0.0439766
2018-08-27 15:26:42,6700.82,0.04782328
2018-08-27 15:27:34,6700.83,0.0090679
2018-08-27 15:28:29,6700.82,0.05
2018-08-27 15:28:45,6700.82,0.05
2018-08-27 15:28:57,6700.82,0.05
2018-08-27 15:29:07,6701.99,0.05
2018-08-27 15:29:17,6703.16,0.03730525
2018-08-27 15:29:18,6701.99,0.05
2018-08-27 15:29:29,6701.99,0.05
2018-08-27 15:29:37,6701.99,0.05
2018-08-27 15:29:48,6701.99,0.05
2018-08-27 15:29:58,6701.99,0.05
2018-08-27 15:30:09,6701.99,0.05
2018-08-27 15:30:20,6701.99,0.05
2018-08-27 15:30:31,6701.99,0.05
2018-08-27 15:30:42,6701.99,0.05
2018-08-27 15:30:53,6701.99,0.05
2018-08-27 15:31:01,6701.99,0.05
2018-08-27 15:31:14,6701.99,0.05
2018-08-27 15:31:28,6701.99,0.05
2018-08-27 15:31:37,6701.99,0.05
2018-08-27 15:31:44,6701.99,0.04
2018-08-27 15:31:52,6702.99,0.00246149
2018-08-27 15:31:52,6702.99,0.00529611
2018-08-27 15:31:52,6702.99,0.0011185
2018-08-27 15:31:52,6702.99,0.00275975
2018-08-27 15:31:52,6702.99,0.00290888
2018-08-27 15:31:52,6702.99,0.00231208
2018-08-27 15:31:52,6702.99,0.00171549
2018-08-27 15:31:52,6702.99,0.00126771
2018-08-27 15:31:52,6704.17,0.107
2018-08-27 15:31:55,6704.98,0.5
2018-08-27 15:31:55,6704.99,0.00096942
2018-08-27 15:31:55,6704.99,0.00096935
2018-08-27 15:31:55,6705.43,0.002013
2018-08-27 15:31:55,6705.85,0.083
2018-08-27 15:31:56,6706.44,0.5
2018-08-27 15:31:57,6706.44,0.5
2018-08-27 15:31:59,6706.44,0.05
2018-08-27 15:32:11,6703.31,0.03730383
2018-08-27 15:32:11,6703.31,0.01269617
2018-08-27 15:32:27,6706.17,1.0
2018-08-27 15:32:27,6706.18,0.03727882
2018-08-27 15:32:28,6706.2,0.5
2018-08-27 15:32:49,6704.65,0.03728746
2018-08-27 15:33:01,6704.65,0.5
2018-08-27 15:33:01,6706.73,0.03727599
2018-08-27 15:33:01,6706.99,0.00096881
2018-08-27 15:33:02,6706.99,0.00156522
2018-08-27 15:33:02,6706.99,0.00290721
2018-08-27 15:33:02,6706.99,0.00171444
2018-08-27 15:33:02,6706.99,0.00246006
2018-08-27 15:33:02,6706.99,0.0009691
2018-08-27 15:33:02,6706.99,0.00201244
2018-08-27 15:33:02,6706.99,0.00201252
2018-08-27 15:33:02,6707.53,0.096
2018-08-27 15:33:03,6704.65,0.17838238
2018-08-27 15:33:12,6704.99,0.0026098
2018-08-27 15:33:12,6704.99,0.00216255
2018-08-27 15:33:13,6704.99,0.00141681
2018-08-27 15:33:13,6704.99,0.00275875
2018-08-27 15:33:16,6707.32,0.3385033
2018-08-27 15:33:19,6704.65,0.03728746
2018-08-27 15:33:20,6704.65,0.00102714
2018-08-27 15:33:39,6704.64,0.05
2018-08-27 15:33:47,6704.64,0.05
2018-08-27 15:33:54,6704.65,0.01487922
2018-08-27 15:34:01,6704.64,0.05
2018-08-27 15:34:06,6704.64,0.04434156
2018-08-27 15:34:11,6704.64,0.05
2018-08-27 15:34:11,6707.97,0.0372691
2018-08-27 15:34:11,6707.99,0.00156494
2018-08-27 15:34:11,6707.99,0.00290672
2018-08-27 15:34:11,6707.99,0.0009686
2018-08-27 15:34:12,6707.99,0.00216131
2018-08-27 15:34:12,6707.99,0.00245933
2018-08-27 15:34:12,6707.99,0.054
2018-08-27 15:34:12,6708.99,0.00096854
2018-08-27 15:34:12,6708.99,0.00171404
2018-08-27 15:34:12,6708.99,0.00141567
2018-08-27 15:34:12,6709.29,0.44
2018-08-27 15:34:12,6709.67,0.07
2018-08-27 15:34:12,6709.99,0.00201171
2018-08-27 15:34:12,6709.99,0.00186267
2018-08-27 15:34:13,6710.0,0.3431663
2018-08-27 15:34:21,6708.99,0.00096884
2018-08-27 15:34:21,6709.88,2.2349
2018-08-27 15:34:22,6709.96,0.38899743
2018-08-27 15:34:30,6704.65,0.03728746
2018-08-27 15:34:30,6704.65,0.01271254
2018-08-27 15:34:31,6704.66,0.10138255
2018-08-27 15:34:46,6707.99,0.00126683
2018-08-27 15:34:46,6709.22,0.01142274
2018-08-27 15:35:28,6704.66,0.38
2018-08-27 15:35:57,6704.66,1.36072308
2018-08-27 15:35:59,6705.0,2.0239621
2018-08-27 15:35:59,6705.0,1.40552316
2018-08-27 15:36:36,6705.0,0.15639944
2018-08-27 15:36:36,6705.0,1.5
2018-08-27 15:36:48,6705.0,0.00127254
2018-08-27 15:37:05,6705.0,0.01911968
2018-08-27 15:37:17,6698.46,0.21725159
2018-08-27 15:37:17,6699.58,0.07971694
2018-08-27 15:37:17,6699.59,1.70303147
2018-08-27 15:37:18,6695.81,0.11351985
2018-08-27 15:37:19,6695.81,0.38648015
2018-08-27 15:38:03,6697.94,0.005151
2018-08-27 15:39:19,6699.53,0.03727193
2018-08-27 15:40:03,6701.9,0.013663
2018-08-27 15:40:32,6703.16,0.44
2018-08-27 15:42:48,6703.83,0.020709
2018-08-27 15:44:35,6703.83,0.0008
2018-08-27 15:45:10,6705.24,0.010934
2018-08-27 15:45:16,6705.24,0.01581185
2018-08-27 15:45:31,6705.25,0.051
2018-08-27 15:45:48,6706.93,0.05
2018-08-27 15:45:48,6707.19,0.054
2018-08-27 15:45:48,6708.52,0.03727293
2018-08-27 15:45:49,6708.61,0.052
2018-08-27 15:45:49,6708.87,0.059
2018-08-27 15:45:49,6709.3,0.42
2018-08-27 15:46:21,6709.3,0.003
2018-08-27 15:46:25,6710.27,0.02
2018-08-27 15:46:25,6710.29,0.02636453
2018-08-27 15:46:30,6709.31,0.03719324
2018-08-27 15:46:33,6709.3,0.33879821
2018-08-27 15:46:33,6709.3,0.16430947
2018-08-27 15:46:33,6709.12,0.61843894
2018-08-27 15:46:33,6708.53,0.67254574
2018-08-27 15:46:33,6708.53,1.0
2018-08-27 15:46:34,6708.53,1.0
2018-08-27 15:46:34,6708.53,1.0
2018-08-27 15:46:34,6707.19,0.104
2018-08-27 15:46:34,6707.19,0.104
2018-08-27 15:46:34,6707.0,0.0949084
2018-08-27 15:46:34,6707.0,1.0
2018-08-27 15:46:35,6707.0,1.0
2018-08-27 15:46:35,6707.0,1.0
2018-08-27 15:46:36,6706.99,0.03727454
2018-08-27 15:46:36,6707.0,0.96272546
2018-08-27 15:46:36,6707.0,0.94027378
2018-08-27 15:46:44,6707.94,0.0874768
2018-08-27 15:46:47,6707.94,0.01660289
2018-08-27 15:47:05,6709.99,0.02071906
2018-08-27 15:47:26,6709.98,0.96269035
2018-08-27 15:48:04,6709.97,0.0059774
2018-08-27 15:48:06,6709.97,0.29710742
2018-08-27 15:48:06,6709.97,0.00597217
2018-08-27 15:48:06,6709.97,0.1959804
2018-08-27 15:48:07,6709.97,0.50503739
2018-08-27 15:48:08,6709.97,0.11096261
2018-08-27 15:48:08,6708.0,0.012
2018-08-27 15:48:09,6706.46,0.23600966
2018-08-27 15:48:09,6709.38,0.1439856
2018-08-27 15:48:10,6708.65,0.0059994
2018-08-27 15:48:11,6708.65,0.15523977
2018-08-27 15:48:14,6708.65,0.05871333
2018-08-27 15:48:14,6708.65,0.07507428
2018-08-27 15:48:25,6708.65,0.01749163
2018-08-27 15:49:55,6705.98,0.00420073
2018-08-27 15:50:19,6708.64,0.09
2018-08-27 15:51:00,6708.65,0.01976625
2018-08-27 15:51:00,6708.65,0.03820275
2018-08-27 15:51:37,6708.65,0.182664
2018-08-27 15:51:47,6709.33,0.049
2018-08-27 15:51:47,6710.77,0.017
2018-08-27 15:51:47,6711.01,0.01650431
2018-08-27 15:52:03,6709.83,0.02578
2018-08-27 15:52:11,6709.82,0.0082
2018-08-27 15:52:13,6709.83,0.01338036
2018-08-27 15:52:21,6711.01,0.02549569
2018-08-27 15:52:21,6711.97,1.4
2018-08-27 15:52:21,6712.45,0.02
2018-08-27 15:52:21,6712.69,0.041
2018-08-27 15:52:21,6713.0,0.1
2018-08-27 15:52:21,6714.13,0.019
2018-08-27 15:52:22,6714.37,0.047
2018-08-27 15:52:22,6714.6,1.30163062
2018-08-27 15:52:23,6714.59,0.45206709
2018-08-27 15:52:24,6714.59,0.04793291
2018-08-27 15:52:24,6714.6,1.43333938
2018-08-27 15:52:24,6714.6,0.51872771
2018-08-27 15:52:50,6713.11,0.03717367
2018-08-27 15:53:22,6713.04,0.53849607
2018-08-27 15:53:23,6709.93,0.03724638
2018-08-27 15:53:51,6712.61,0.368
2018-08-27 15:53:59,6709.93,0.03725821
2018-08-27 15:54:02,6709.94,0.058027
2018-08-27 15:56:03,6707.65,0.5
2018-08-27 15:56:03,6707.65,0.46274179
2018-08-27 15:56:04,6707.65,0.0338
2018-08-27 15:56:04,6707.65,0.00345821
2018-08-27 15:56:09,6705.86,0.206
2018-08-27 15:56:09,6705.87,0.294
2018-08-27 15:56:09,6705.87,0.1455194
2018-08-27 15:56:10,6702.51,0.00975885
2018-08-27 15:56:10,6705.87,0.0928205
2018-08-27 15:56:21,6702.87,0.01722005
2018-08-27 15:57:34,6702.87,0.56533114
2018-08-27 15:57:59,6702.87,0.00079463
2018-08-27 15:57:59,6702.87,0.0023549
2018-08-27 15:58:49,6702.87,0.015657
2018-08-27 15:59:24,6702.87,0.1702957
2018-08-27 15:59:42,6702.86,0.00303
2018-08-27 15:59:49,6702.87,0.015657
2018-08-27 16:00:00,6702.87,0.03729736
2018-08-27 16:00:07,6702.86,0.03785017
2018-08-27 16:00:18,6704.08,0.03729072
2018-08-27 16:00:18,6705.1,0.0008
2018-08-27 16:00:18,6705.1,0.0008
2018-08-27 16:00:18,6706.21,0.215
2018-08-27 16:00:18,6706.79,2.2371
2018-08-27 16:00:18,6707.89,0.18
2018-08-27 16:00:31,6708.07,2.2364
2018-08-27 16:00:40,6708.7,2.2361
2018-08-27 16:00:41,6709.57,0.178
2018-08-27 16:00:49,6709.58,0.2118523
2018-08-27 16:00:52,6710.0,0.26
2018-08-27 16:00:52,6711.24,2.2334
2018-08-27 16:00:53,6711.25,0.205
2018-08-27 16:00:59,6710.04,0.0372575
2018-08-27 16:01:35,6710.02,0.03725771
2018-08-27 16:01:35,6711.71,0.4033
2018-08-27 16:01:46,6708.42,0.99351179
2018-08-27 16:01:47,6708.42,1.0
2018-08-27 16:01:48,6707.51,1.0
2018-08-27 16:01:48,6707.51,0.03725749
2018-08-27 16:01:48,6706.75,0.46923072
2018-08-27 16:02:01,6708.72,0.0008
2018-08-27 16:02:10,6710.89,2.2346
2018-08-27 16:02:19,6710.1,0.0008
2018-08-27 16:02:19,6710.1,1.0092
2018-08-27 16:02:19,6710.1,1.01
2018-08-27 16:02:23,6710.1,0.01439364
2018-08-27 16:02:29,6710.1,0.81944909
2018-08-27 16:02:29,6710.1,0.19055091
2018-08-27 16:02:30,6710.1,1.01
2018-08-27 16:02:40,6711.35,0.124
2018-08-27 16:02:40,6711.35,0.59914488
2018-08-27 16:02:40,6711.35,0.28685512
2018-08-27 16:02:50,6711.35,1.01
2018-08-27 16:02:58,6710.59,0.03725445
2018-08-27 16:03:03,6711.35,0.44637815
2018-08-27 16:03:43,6711.34,0.00524259
2018-08-27 16:04:32,6710.28,0.1
2018-08-27 16:04:42,6711.34,0.0320078
2018-08-27 16:04:43,6712.89,0.5
2018-08-27 16:04:43,6713.03,0.108
2018-08-27 16:04:43,6714.69,0.01042458
2018-08-27 16:04:44,6714.71,0.12
2018-08-27 16:04:44,6715.0,0.42
2018-08-27 16:04:44,6715.05,1.0
2018-08-27 16:04:44,6715.05,0.5
2018-08-27 16:04:45,6715.05,0.5
2018-08-27 16:04:45,6715.43,0.86134983
2018-08-27 16:04:47,6715.02,0.05
2018-08-27 16:05:06,6714.9,2.2348
2018-08-27 16:05:14,6715.98,0.42
2018-08-27 16:05:20,6716.23,0.5
2018-08-27 16:05:20,6717.96,1.5
2018-08-27 16:05:20,6718.46,0.125
2018-08-27 16:05:20,6717.91,0.045
2018-08-27 16:05:21,6717.91,0.5
2018-08-27 16:05:21,6717.91,0.033
2018-08-27 16:05:21,6717.91,0.5
2018-08-27 16:05:31,6716.97,0.5
2018-08-27 16:05:31,6718.43,2.2326
2018-08-27 16:05:32,6718.99,0.09713136
2018-08-27 16:05:41,6715.2,0.0025
2018-08-27 16:05:42,6717.54,1.0
2018-08-27 16:05:42,6717.54,0.40097183
2018-08-27 16:05:42,6718.95,1.0
2018-08-27 16:05:42,6718.96,1.5
2018-08-27 16:05:42,6718.99,1.0
2018-08-27 16:05:43,6718.99,1.0
2018-08-27 16:05:43,6718.99,1.0
2018-08-27 16:05:43,6718.99,1.0
2018-08-27 16:05:43,6718.99,0.04872817
2018-08-27 16:05:54,6714.22,0.00827743
2018-08-27 16:06:20,6714.94,0.0264926
2018-08-27 16:06:24,6714.94,0.48490904
2018-08-27 16:06:56,6718.98,0.03720814
2018-08-27 16:06:56,6718.98,0.5
2018-08-27 16:06:57,6718.98,0.5
2018-08-27 16:06:58,6718.99,0.22720974
2018-08-27 16:07:11,6717.48,0.03717767
2018-08-27 16:07:11,6713.51,2.23
2018-08-27 16:07:11,6712.58,1.5
2018-08-27 16:08:31,6716.92,2.232
2018-08-27 16:08:40,6716.91,0.0372165
2018-08-27 16:08:40,6716.91,0.9727835
2018-08-27 16:08:51,6716.91,1.01
2018-08-27 16:09:01,6716.91,0.02
2018-08-27 16:09:02,6716.91,1.01
2018-08-27 16:09:12,6716.91,1.01
2018-08-27 16:09:13,6718.38,0.024
2018-08-27 16:09:13,6719.0,0.01951238
2018-08-27 16:09:13,6719.0,0.97561898
2018-08-27 16:09:19,6719.01,0.0372048
2018-08-27 16:09:23,6719.0,0.03720792
2018-08-27 16:09:23,6719.0,0.97279208
2018-08-27 16:09:33,6719.0,1.01
2018-08-27 16:09:44,6719.0,0.63
2018-08-27 16:10:20,6719.35,0.064
2018-08-27 16:10:21,6719.35,2.0941957
2018-08-27 16:10:31,6719.34,0.5
2018-08-27 16:10:31,6720.09,0.42
2018-08-27 16:11:18,6717.3,0.00532665
2018-08-27 16:11:20,6721.02,0.5
2018-08-27 16:11:20,6721.02,0.36858745
2018-08-27 16:11:20,6721.02,0.13141255
2018-08-27 16:11:26,6717.3,0.00101346
2018-08-27 16:11:35,6719.73,0.00532665
2018-08-27 16:11:35,6719.73,0.03187009
2018-08-27 16:12:03,6717.3,0.03086469
2018-08-27 16:12:03,6716.51,0.03722161
2018-08-27 16:12:03,6716.5,0.1085037
2018-08-27 16:12:51,6715.99,0.080054
2018-08-27 16:14:24,6716.0,2.0
2018-08-27 16:14:42,6712.57,0.206
2018-08-27 16:14:42,6710.45,1.5
2018-08-27 16:14:42,6708.42,2.2342
2018-08-27 16:14:43,6708.42,0.00812877
2018-08-27 16:14:44,6711.73,0.001
2018-08-27 16:15:20,6711.72,0.024584
2018-08-27 16:15:49,6711.71,0.05
2018-08-27 16:16:20,6711.0,20.0
2018-08-27 16:16:20,6711.77,2.233
2018-08-27 16:16:20,6713.56,0.035
2018-08-27 16:16:20,6713.72,0.42
2018-08-27 16:16:20,6713.98,0.024
2018-08-27 16:16:20,6715.24,0.033
2018-08-27 16:16:20,6715.66,0.023
2018-08-27 16:16:21,6716.92,0.031
2018-08-27 16:16:21,6717.34,0.017
2018-08-27 16:16:21,6717.72,0.001
2018-08-27 16:16:41,6714.24,2.2348
2018-08-27 16:16:41,6714.34,0.85
2018-08-27 16:16:41,6715.5,4.0203
2018-08-27 16:17:02,6713.84,0.0282
2018-08-27 16:17:02,6713.84,0.003327
2018-08-27 16:17:03,6713.74,0.0295
2018-08-27 16:17:03,6714.91,2.2346
2018-08-27 16:17:29,6715.88,1.06503101
2018-08-27 16:17:29,6715.88,1.16776899
2018-08-27 16:17:29,6715.97,0.5
2018-08-27 16:17:30,6715.98,0.09348118
2018-08-27 16:17:30,6715.87,0.40651882
2018-08-27 16:17:30,6715.88,0.5
2018-08-27 16:18:16,6715.0,1.0
2018-08-27 16:18:18,6715.0,0.09348118
2018-08-27 16:18:19,6715.0,2.90651882
2018-08-27 16:18:20,6716.0,14.66651932
2018-08-27 16:18:20,6716.0,3.2056178
2018-08-27 16:18:42,6715.9,0.047845
2018-08-27 16:18:55,6715.9,1.08967661
2018-08-27 16:19:30,6714.46,0.02461867
2018-08-27 16:19:30,6714.45,0.65639377
2018-08-27 16:19:32,6714.45,1.44685044
2018-08-27 16:19:53,6714.44,0.03723319
2018-08-27 16:19:54,6717.0,0.16635333
2018-08-27 16:19:54,6718.04,0.031
2018-08-27 16:19:54,6719.72,0.027
2018-08-27 16:19:54,6720.0,0.33270666
2018-08-27 16:20:00,6719.98,0.95549467
2018-08-27 16:20:48,6714.98,0.03718558
2018-08-27 16:21:02,6714.98,0.091
2018-08-27 16:21:40,6714.96,1.0
2018-08-27 16:24:26,6710.34,1.0
2018-08-27 16:24:35,6711.49,0.03723025
2018-08-27 16:24:36,6711.5,19.0
2018-08-27 16:24:36,6714.28,0.035
2018-08-27 16:24:37,6714.54,2.2338
2018-08-27 16:24:37,6715.96,0.036
2018-08-27 16:24:39,6716.37,0.01489982
2018-08-27 16:24:39,6716.37,0.98510018
2018-08-27 16:24:40,6717.36,1.67
2018-08-27 16:24:42,6714.82,0.34553139
2018-08-27 16:24:43,6714.82,0.00283482
2018-08-27 16:24:49,6713.75,0.046935
2018-08-27 16:24:51,6712.57,0.05483457
2018-08-27 16:24:56,6712.58,0.03722411
2018-08-27 16:25:02,6709.21,0.006822
2018-08-27 16:25:22,6708.26,0.039133
2018-08-27 16:25:49,6709.14,0.005215
2018-08-27 16:26:12,6707.89,0.001
2018-08-27 16:26:19,6707.88,0.03044021
2018-08-27 16:26:28,6707.5,10.30644885
2018-08-27 16:26:29,6707.5,0.66672902
2018-08-27 16:26:29,6707.5,9.02682213
2018-08-27 16:27:00,6706.86,0.03726923
2018-08-27 16:27:00,6706.85,2.2337
2018-08-27 16:27:01,6706.75,0.49120195
2018-08-27 16:27:02,6707.5,0.22011005
2018-08-27 16:27:06,6707.49,0.00101346
2018-08-27 16:27:31,6707.49,0.03625831
2018-08-27 16:28:03,6706.76,0.03727572
2018-08-27 16:28:41,6706.77,0.00115658
2018-08-27 16:29:34,6704.42,0.03727572
2018-08-27 16:29:34,6704.42,8.51031877
2018-08-27 16:29:34,6704.42,0.03719486
2018-08-27 16:29:36,6704.42,9.41521065
2018-08-27 16:29:36,6707.39,0.03727193
2018-08-27 16:29:37,6703.01,1.0
2018-08-27 16:29:49,6703.46,1.5
2018-08-27 16:29:50,6704.52,1.5
2018-08-27 16:29:51,6703.01,1.5
2018-08-27 16:29:52,6705.39,1.0
2018-08-27 16:30:02,6710.11,0.023
2018-08-27 16:30:04,6703.53,0.07823346
2018-08-27 16:30:05,6709.46,0.03725517
2018-08-27 16:30:11,6706.36,0.03727805
2018-08-27 16:30:56,6706.35,0.03727803
2018-08-27 16:30:56,6706.35,0.11183437
2018-08-27 16:31:00,6703.0,0.0042637
2018-08-27 16:31:00,6702.85,0.03730342
2018-08-27 16:31:00,6702.84,0.88387681
2018-08-27 16:31:24,6706.33,0.03401096
2018-08-27 16:32:23,6706.33,0.00326725
2018-08-27 16:32:23,6706.33,0.49673275
2018-08-27 16:32:42,6706.33,0.13877494
2018-08-27 16:32:52,6706.33,0.001503
2018-08-27 16:33:21,6706.33,0.02071668
2018-08-27 16:34:28,6706.32,1.96272195
2018-08-27 16:34:28,6706.32,0.519
2018-08-27 16:34:28,6706.32,1.5
2018-08-27 16:34:29,6706.32,1.14602553
2018-08-27 16:34:43,6706.3,0.0026
2018-08-27 16:35:00,6706.32,2.0
2018-08-27 16:35:24,6706.32,1.41382047
2018-08-27 16:35:24,6706.32,4.30516062
2018-08-27 16:35:25,6706.32,0.58622188
2018-08-27 16:35:25,6706.32,5.4600044
2018-08-27 16:35:25,6706.32,1.10704515
2018-08-27 16:35:28,6706.37,0.022
2018-08-27 16:35:31,6708.05,0.02
2018-08-27 16:35:32,6709.73,0.024
2018-08-27 16:35:32,6711.3,0.05095485
2018-08-27 16:36:04,6711.27,0.000815
2018-08-27 16:36:39,6710.55,0.02918
2018-08-27 16:37:08,6710.56,0.5
2018-08-27 16:37:09,6710.55,0.0326052
2018-08-27 16:37:35,6710.01,0.5
2018-08-27 16:37:39,6711.3,0.06904515
2018-08-27 16:37:40,6711.3,0.5
2018-08-27 16:37:42,6711.4,0.5
2018-08-27 16:37:42,6711.41,0.017
2018-08-27 16:37:42,6711.41,0.003
2018-08-27 16:37:43,6711.4,0.5
2018-08-27 16:37:46,6711.4,0.14223831
2018-08-27 16:37:46,6711.4,0.35776169
2018-08-27 16:37:47,6712.0,0.05846303
2018-08-27 16:37:48,6712.0,0.44153697
2018-08-27 16:37:50,6712.5,0.5
2018-08-27 16:38:02,6711.0,0.166462
2018-08-27 16:38:13,6710.07,0.03725734
2018-08-27 16:38:28,6710.17,0.5
2018-08-27 16:38:33,6710.06,0.206
2018-08-27 16:38:55,6710.15,0.0558184
2018-08-27 16:39:02,6710.16,0.03725694
2018-08-27 16:39:09,6710.15,0.12
2018-08-27 16:39:10,6710.16,3.0
2018-08-27 16:39:25,6710.15,0.014875
2018-08-27 16:40:03,6709.81,0.017057
2018-08-27 16:40:04,6709.81,0.09558627
2018-08-27 16:41:03,6709.81,0.0038
2018-08-27 16:41:50,6708.84,0.00426485
2018-08-27 16:42:00,6708.84,0.00761092
2018-08-27 16:42:00,6708.84,0.0189525
2018-08-27 16:42:02,6708.85,0.010001
2018-08-27 16:42:22,6708.84,0.20919
2018-08-27 16:43:05,6708.84,2.97213592
2018-08-27 16:43:05,6708.84,1.0
2018-08-27 16:43:05,6708.84,2.57252732
2018-08-27 16:43:05,6708.84,3.889495
2018-08-27 16:43:06,6708.84,2.57252732
2018-08-27 16:43:37,6705.87,0.03728067
2018-08-27 16:43:37,6705.87,0.08771933
2018-08-27 16:43:43,6705.87,0.89822205
2018-08-27 16:43:47,6705.98,0.29411394
2018-08-27 16:43:48,6705.86,0.10177795
2018-08-27 16:44:00,6705.86,0.10422205
2018-08-27 16:44:00,6705.86,0.661
2018-08-27 16:44:00,6705.86,0.10177795
2018-08-27 16:44:00,6705.86,0.085
2018-08-27 16:44:03,6705.97,0.03726438
2018-08-27 16:44:03,6705.98,0.20588606
2018-08-27 16:44:25,6706.0,3.96123989
2018-08-27 16:44:25,6706.0,3.03207455
2018-08-27 16:44:39,6708.73,1.29486211
2018-08-27 16:44:45,6708.83,0.05748218
2018-08-27 16:45:03,6705.03,0.003413
2018-08-27 16:45:28,6705.03,0.5
2018-08-27 16:45:29,6705.01,0.18626305
2018-08-27 16:45:42,6705.02,0.00856345
2018-08-27 16:45:44,6705.02,0.8214067
2018-08-27 16:45:44,6705.02,0.67002985
2018-08-27 16:45:44,6705.02,0.5
2018-08-27 16:45:47,6704.99,0.0719
2018-08-27 16:45:47,6704.2,0.02570078
2018-08-27 16:45:47,6704.2,0.01157283
2018-08-27 16:45:47,6704.99,0.4281
2018-08-27 16:45:48,6702.84,0.02789795
2018-08-27 16:45:51,6703.92,0.5
2018-08-27 16:45:55,6702.84,0.581997
2018-08-27 16:45:56,6704.98,0.5
2018-08-27 16:46:02,6702.85,0.032
2018-08-27 16:46:15,6702.84,0.61397336
2018-08-27 16:46:22,6702.85,0.1640116
2018-08-27 16:46:30,6702.84,0.61397336
2018-08-27 16:46:38,6702.84,0.358176
2018-08-27 16:46:41,6702.85,0.00100813
2018-08-27 16:46:44,6702.84,0.26460252
2018-08-27 16:46:46,6702.84,0.26460252
2018-08-27 16:46:46,6702.84,1.0
2018-08-27 16:46:46,6702.84,0.07450522
2018-08-27 16:46:47,6702.84,1.05060322
2018-08-27 16:46:47,6702.84,1.05545969
2018-08-27 16:46:48,6702.84,1.07658703
2018-08-27 16:46:48,6702.84,1.5
2018-08-27 16:46:48,6702.84,0.30474266
2018-08-27 16:46:48,6702.84,0.32900266
2018-08-27 16:47:29,6702.85,0.5
2018-08-27 16:48:33,6702.85,0.5
2018-08-27 16:49:52,6702.84,0.00743137
2018-08-27 16:49:52,6702.84,0.0249375
2018-08-27 16:50:13,6702.85,0.05
2018-08-27 16:50:38,6702.84,0.41349079
2018-08-27 16:50:38,6702.84,0.5
2018-08-27 16:50:38,6702.84,0.09521602
2018-08-27 16:50:38,6702.84,1.2211189
2018-08-27 16:50:38,6702.84,1.96763113
2018-08-27 16:50:39,6702.84,0.895
2018-08-27 16:50:39,6702.84,0.5
2018-08-27 16:50:39,6702.84,1.49808204
2018-08-27 16:50:39,6702.0,0.94535673
2018-08-27 16:50:40,6702.0,0.35690061
2018-08-27 16:50:55,6702.0,1.05732684
2018-08-27 16:50:59,6702.64,0.014107
2018-08-27 16:51:07,6702.63,0.03729818
2018-08-27 16:51:09,6702.63,0.41825634
2018-08-27 16:51:28,6702.01,0.00135008
2018-08-27 16:51:34,6702.01,0.00999708
2018-08-27 16:52:00,6702.01,0.02595498
2018-08-27 16:52:00,6702.01,3.08967334
2018-08-27 16:52:00,6702.0,0.25364366
2018-08-27 16:53:07,6702.0,0.35551808
2018-08-27 16:53:10,6702.0,6.11300803
2018-08-27 16:53:11,6702.0,1.87048892
2018-08-27 16:53:23,6702.0,0.00113715
2018-08-27 16:54:08,6701.54,0.05
2018-08-27 16:54:11,6702.0,1.20003696
2018-08-27 16:54:26,6702.0,0.08559827
2018-08-27 16:54:27,6702.0,0.0214816
2018-08-27 16:55:03,6702.0,0.017101
2018-08-27 16:55:04,6702.0,0.035022
2018-08-27 16:55:08,6702.0,0.08525
2018-08-27 16:55:09,6702.0,0.017084
2018-08-27 16:55:27,6702.84,0.03729762
2018-08-27 16:56:10,6702.83,0.04
2018-08-27 16:56:10,6702.83,0.17206564
2018-08-27 16:56:12,6701.97,0.00794303
2018-08-27 16:56:19,6701.98,0.03730231
2018-08-27 16:56:19,6701.98,0.01269769
2018-08-27 16:56:31,6702.82,0.03729773
2018-08-27 16:56:38,6703.87,1.07961303
2018-08-27 16:56:40,6703.87,1.9996052
2018-08-27 16:56:40,6705.12,0.135
2018-08-27 16:57:15,6702.83,0.03729758
2018-08-27 16:57:15,6702.83,0.01270242
2018-08-27 16:57:24,6702.83,0.05
2018-08-27 16:58:29,6702.83,0.03729768
2018-08-27 16:58:39,6702.84,0.34
2018-08-27 16:59:32,6702.83,0.01583099
2018-08-27 16:59:32,6701.42,0.03416901
2018-08-27 16:59:49,6701.42,0.00313642
2018-08-27 16:59:49,6701.41,0.04686358
2018-08-27 16:59:50,6701.43,0.010081
2018-08-27 16:59:54,6701.43,0.01767533
2018-08-27 16:59:59,6701.41,0.05
2018-08-27 17:00:08,6701.41,0.05433985
2018-08-27 17:00:12,6701.41,0.05
2018-08-27 17:00:32,6703.1,0.01464553
2018-08-27 17:00:37,6704.43,0.461937
2018-08-27 17:00:38,6704.42,0.14004766
2018-08-27 17:00:45,6704.42,0.06
2018-08-27 17:00:53,6704.42,0.05
2018-08-27 17:00:58,6706.09,0.5
2018-08-27 17:01:01,6706.09,0.05
2018-08-27 17:01:09,6706.09,0.05
2018-08-27 17:01:10,6706.09,0.02787981
2018-08-27 17:01:16,6706.1,0.00700238
2018-08-27 17:01:19,6706.09,0.0279758
2018-08-27 17:01:34,6706.09,0.5001
2018-08-27 17:01:45,6706.1,0.01237231
2018-08-27 17:03:15,6706.09,0.1939756
2018-08-27 17:03:16,6706.09,0.29753766
2018-08-27 17:03:16,6706.09,0.1939806
2018-08-27 17:03:16,6706.09,0.23314032
2018-08-27 17:03:17,6706.1,0.0014912
2018-08-27 17:03:17,6706.09,0.08136582
2018-08-27 17:03:19,6706.09,0.0764824
2018-08-27 17:04:06,6706.09,0.22835118
2018-08-27 17:04:07,6706.09,0.1939806
2018-08-27 17:04:20,6706.1,0.00083752
2018-08-27 17:04:24,6706.1,0.015
2018-08-27 17:04:25,6706.1,0.033
2018-08-27 17:04:43,6706.09,0.0239006
2018-08-27 17:05:56,6706.1,0.01228815
2018-08-27 17:06:08,6706.09,0.0399306
2018-08-27 17:06:45,6706.1,0.2
2018-08-27 17:07:14,6706.09,0.1459654
2018-08-27 17:07:28,6706.1,0.02566001
2018-08-27 17:07:41,6706.09,0.000748
2018-08-27 17:07:42,6706.09,1.1448513
2018-08-27 17:07:42,6706.09,0.8551487
2018-08-27 17:07:52,6706.09,0.14
2018-08-27 17:08:11,6706.09,0.0232943
2018-08-27 17:08:25,6709.07,0.03695041
2018-08-27 17:08:45,6709.07,0.00436593
2018-08-27 17:09:02,6709.07,0.006829
2018-08-27 17:09:27,6709.07,0.017843
2018-08-27 17:09:37,6709.07,0.015
2018-08-27 17:09:37,6709.07,0.033
2018-08-27 17:10:11,6709.06,0.07194107
2018-08-27 17:10:19,6709.06,0.04033125
2018-08-27 17:10:19,6709.06,0.00966875
2018-08-27 17:10:22,6709.06,0.11050689
2018-08-27 17:10:22,6709.06,0.06196029
2018-08-27 17:10:26,6709.06,0.069825
2018-08-27 17:10:28,6709.06,0.05
2018-08-27 17:10:38,6709.06,0.05
2018-08-27 17:10:47,6709.06,0.05
2018-08-27 17:11:23,6709.06,0.05
2018-08-27 17:11:38,6709.06,0.05
2018-08-27 17:11:52,6709.06,0.14
2018-08-27 17:11:57,6709.06,0.09208436
2018-08-27 17:12:03,6709.06,0.00959962
2018-08-27 17:12:05,6709.07,0.3
2018-08-27 17:13:24,6709.07,0.070432
2018-08-27 17:13:39,6709.06,0.18812345
2018-08-27 17:13:39,6709.06,0.12847655
2018-08-27 17:13:39,6706.09,0.2
2018-08-27 17:13:40,6705.0,6.0
2018-08-27 17:14:12,6702.75,0.03268287
2018-08-27 17:14:16,6701.74,0.2
2018-08-27 17:14:18,6701.75,2.15e-06
2018-08-27 17:14:18,6701.75,0.00122941
2018-08-27 17:14:20,6701.75,0.04662662
2018-08-27 17:14:32,6701.74,0.107
2018-08-27 17:14:50,6701.75,0.015
2018-08-27 17:14:50,6701.75,0.032
2018-08-27 17:14:53,6701.74,5.0
2018-08-27 17:14:53,6700.0,2.0
2018-08-27 17:15:02,6695.28,0.045225
2018-08-27 17:15:03,6695.28,0.004983
2018-08-27 17:15:11,6695.27,0.42445484
2018-08-27 17:15:22,6695.27,0.03
2018-08-27 17:15:27,6695.28,0.41531471
2018-08-27 17:15:27,6695.28,0.59468529
2018-08-27 17:15:33,6695.28,0.00135008
2018-08-27 17:15:38,6695.28,1.01
2018-08-27 17:15:50,6695.27,0.05
2018-08-27 17:16:06,6698.63,0.199
2018-08-27 17:16:07,6695.28,2.0
2018-08-27 17:16:15,6699.04,0.05
2018-08-27 17:16:28,6699.04,0.0008
2018-08-27 17:16:37,6699.05,0.05140252
2018-08-27 17:16:41,6699.04,0.05
2018-08-27 17:16:45,6699.05,0.16055746
2018-08-27 17:16:46,6699.05,0.00168406
2018-08-27 17:17:10,6699.04,0.0008
2018-08-27 17:17:12,6699.04,0.07563623
2018-08-27 17:17:36,6699.04,0.17093562
2018-08-27 17:17:39,6698.95,2.2411
2018-08-27 17:17:39,6699.03,0.03728277
2018-08-27 17:17:50,6693.3,0.03731496
2018-08-27 17:18:07,6693.3,0.01686
2018-08-27 17:18:07,6693.3,0.00626
2018-08-27 17:18:18,6693.29,1.96271723
2018-08-27 17:18:18,6693.29,1.90703845
2018-08-27 17:18:19,6693.29,0.57554516
2018-08-27 17:18:19,6693.29,4.8692
2018-08-27 17:18:19,6693.29,1.7081
2018-08-27 17:18:19,6693.29,0.67073078
2018-08-27 17:18:33,6693.19,0.0373514
2018-08-27 17:18:33,6693.19,2.242
2018-08-27 17:18:34,6693.29,7.77642531
2018-08-27 17:18:39,6693.29,0.16055893
2018-08-27 17:18:39,6693.29,0.00168553
2018-08-27 17:18:53,6693.29,0.05669565
2018-08-27 17:18:53,6693.29,0.10331699
2018-08-27 17:18:54,6693.29,0.20798597
2018-08-27 17:18:54,6693.29,0.00165929
2018-08-27 17:18:54,6693.29,0.05379865
2018-08-27 17:19:08,6693.3,0.00698571
2018-08-27 17:19:11,6696.65,0.157
2018-08-27 17:19:14,6698.25,0.00156572
2018-08-27 17:19:21,6698.24,0.205
2018-08-27 17:19:21,6698.24,0.195
2018-08-27 17:19:36,6698.24,0.01005991
2018-08-27 17:19:41,6698.24,4.58994009
2018-08-27 17:19:41,6698.24,1.22613159
2018-08-27 17:19:41,6698.24,2.0
2018-08-27 17:19:41,6698.24,0.12098374
2018-08-27 17:19:42,6698.24,1.29445489
2018-08-27 17:19:46,6695.01,0.03734115
2018-08-27 17:19:58,6695.0,0.44921843
2018-08-27 17:20:03,6695.01,0.015
2018-08-27 17:20:03,6695.01,0.031
2018-08-27 17:20:10,6698.24,5.91346088
2018-08-27 17:20:10,6698.24,2.45554829
2018-08-27 17:20:11,6698.24,2.39948052
2018-08-27 17:20:11,6698.24,0.06435461
2018-08-27 17:20:22,6695.01,0.07306478
2018-08-27 17:20:50,6695.03,0.03269302
2018-08-27 17:20:50,6697.28,0.03732268
2018-08-27 17:20:56,6698.35,0.112
2018-08-27 17:21:05,6698.35,0.008553
2018-08-27 17:21:34,6698.34,0.05
2018-08-27 17:21:42,6698.34,0.06113519
2018-08-27 17:21:45,6698.34,0.0008
2018-08-27 17:21:49,6698.35,0.01042295
2018-08-27 17:21:58,6698.34,0.2
2018-08-27 17:22:00,6698.34,0.05
2018-08-27 17:22:08,6698.34,0.4
2018-08-27 17:22:15,6698.34,1.17235547
2018-08-27 17:22:15,6698.34,3.0
2018-08-27 17:22:16,6698.34,3.0
2018-08-27 17:22:34,6696.46,1.22705397
2018-08-27 17:22:34,6696.46,1.30694116
2018-08-27 17:22:49,6696.46,0.00146839
2018-08-27 17:23:03,6696.46,0.017089
2018-08-27 17:23:04,6696.46,0.008545
2018-08-27 17:23:05,6696.46,0.017089
2018-08-27 17:23:16,6696.46,0.00863047
2018-08-27 17:23:32,6695.01,0.00549327
2018-08-27 17:23:33,6695.01,0.0056604
2018-08-27 17:23:33,6695.01,0.03170678
2018-08-27 17:23:35,6695.01,0.0296536
2018-08-27 17:23:36,6695.01,0.00458539
2018-08-27 17:23:37,6695.01,0.12722385
2018-08-27 17:23:41,6692.48,0.06
2018-08-27 17:23:41,6692.0,0.01
2018-08-27 17:23:41,6692.0,0.03734813
2018-08-27 17:23:42,6688.54,1.5
2018-08-27 17:23:48,6691.99,0.0373581
2018-08-27 17:23:53,6689.59,0.03737587
2018-08-27 17:24:58,6692.93,1.0
2018-08-27 17:24:58,6692.93,0.42718967
2018-08-27 17:24:58,6692.93,1.0
2018-08-27 17:24:58,6692.93,0.5
2018-08-27 17:24:59,6692.93,0.404
2018-08-27 17:24:59,6692.93,2.17529024
2018-08-27 17:24:59,6692.93,4.12935936
2018-08-27 17:25:00,6692.93,3.19180526
2018-08-27 17:25:15,6692.93,0.015
2018-08-27 17:25:16,6692.93,0.03
2018-08-27 17:25:34,6695.2,0.03735285
2018-08-27 17:25:34,6696.25,0.116
2018-08-27 17:25:34,6697.92,0.108
2018-08-27 17:25:59,6699.58,0.10455777
2018-08-27 17:25:59,6699.58,0.12844223
2018-08-27 17:26:06,6699.59,0.117
2018-08-27 17:26:06,6699.59,0.071056
2018-08-27 17:26:19,6699.58,0.38992955
2018-08-27 17:26:21,6699.59,0.1
2018-08-27 17:26:22,6699.58,0.097
2018-08-27 17:26:32,6699.58,0.1461897
2018-08-27 17:26:36,6699.58,0.53789364
2018-08-27 17:26:36,6699.58,0.08951746
2018-08-27 17:27:41,6699.59,1.0
2018-08-27 17:27:46,6699.58,0.0053314
2018-08-27 17:28:28,6699.58,0.04
2018-08-27 17:28:32,6699.58,0.04
2018-08-27 17:29:22,6693.01,0.0053314
2018-08-27 17:30:02,6694.28,0.04
2018-08-27 17:30:06,6694.28,0.11435889
2018-08-27 17:30:06,6694.28,0.37564111
2018-08-27 17:30:06,6694.29,0.001
2018-08-27 17:30:07,6694.28,0.08
2018-08-27 17:30:20,6694.29,0.09998076
2018-08-27 17:30:20,6694.29,1.51201424
2018-08-27 17:30:27,6694.29,0.015
2018-08-27 17:30:28,6694.29,0.03
2018-08-27 17:30:32,6689.03,0.03738645
2018-08-27 17:31:01,6694.28,1.0
2018-08-27 17:31:01,6694.29,1.0
2018-08-27 17:31:01,6696.52,0.5
2018-08-27 17:31:02,6696.52,0.07549842
2018-08-27 17:31:02,6696.52,0.20258242
2018-08-27 17:31:03,6696.52,0.29741758
2018-08-27 17:31:03,6696.52,1.0
2018-08-27 17:31:08,6695.02,0.06
2018-08-27 17:31:35,6696.49,0.37641149
2018-08-27 17:31:35,6696.49,0.92450158
2018-08-27 17:31:35,6696.49,1.0
2018-08-27 17:31:36,6695.86,2.0
2018-08-27 17:31:42,6694.4,0.03733294
2018-08-27 17:31:44,6697.62,0.01877303
2018-08-27 17:32:08,6697.59,0.0023
2018-08-27 17:32:44,6697.62,0.01043267
2018-08-27 17:33:11,6697.63,0.078
2018-08-27 17:33:59,6692.67,0.02123816
2018-08-27 17:34:02,6692.66,0.03734383
2018-08-27 17:34:02,6692.66,0.23857995
2018-08-27 17:34:21,6692.67,0.52352583
2018-08-27 17:34:22,6692.66,0.07951919
2018-08-27 17:35:00,6689.18,0.00088
2018-08-27 17:35:02,6689.18,0.021382
2018-08-27 17:35:13,6694.99,0.00205262
2018-08-27 17:35:22,6689.38,0.05905861
2018-08-27 17:35:40,6692.01,0.015
2018-08-27 17:35:40,6692.01,0.029
2018-08-27 17:36:28,6688.53,0.06
2018-08-27 17:36:29,6688.54,0.001
2018-08-27 17:36:29,6688.0,4.95010787
2018-08-27 17:36:37,6688.53,0.03527251
2018-08-27 17:36:57,6688.01,0.03732957
2018-08-27 17:36:57,6688.01,0.0847283
2018-08-27 17:37:06,6688.52,0.03737748
2018-08-27 17:37:13,6688.54,0.00116947
2018-08-27 17:37:19,6688.54,0.03737727
